<?xml version="1.0" encoding="UTF-8"?>
<!DOCTYPE html PUBLIC "-//W3C//DTD XHTML 1.0 Transitional//EN"
    "http://www.w3.org/TR/xhtml1/DTD/xhtml1-transitional.dtd">
<html xmlns="http://www.w3.org/1999/xhtml" xml:lang="en" lang="en">
 <head>
  <title>
</title>
<meta http-equiv="Content-Type" content="text/html;charset=utf-8" />
  <meta name='ocr-system' content='tesseract 3.04.00' />
  <meta name='ocr-capabilities' content='ocr_page ocr_carea ocr_par ocr_line ocrx_word'/>
</head>
<body>
  <div class='ocr_page' id='page_1' title='image "./cambridgegildre00cunngoog_0054.png"; bbox 0 0 3194 5120; ppageno 0'>
   <div class='ocr_carea' id='block_1_1' title="bbox 553 382 1281 450">
    <p class='ocr_par' dir='ltr' id='par_1_1' title="bbox 553 382 1281 450">
     <span class='ocr_line' id='line_1_1' title="bbox 553 382 1281 450; baseline -0.004 0"><span class='ocrx_word' id='word_1_1' title='bbox 553 401 591 450; x_wconf 85' lang='lat' dir='ltr'>sr</span> <span class='ocrx_word' id='word_1_2' title='bbox 613 384 740 450; x_wconf 75' lang='lat' dir='ltr'>usax&#39;s</span> <span class='ocrx_word' id='word_1_3' title='bbox 762 401 854 450; x_wconf 81' lang='lat' dir='ltr'>orno.</span> <span class='ocrx_word' id='word_1_4' title='bbox 1263 382 1281 447; x_wconf 82' lang='lat'>7</span> 
     </span>
    </p>
   </div>
   <div class='ocr_carea' id='block_1_2' title="bbox 65 554 1433 2116">
    <p class='ocr_par' dir='ltr' id='par_1_2' title="bbox 114 554 1433 852">
     <span class='ocr_line' id='line_1_2' title="bbox 184 554 1433 644; baseline 0 -24"><span class='ocrx_word' id='word_1_5' title='bbox 184 556 325 622; x_wconf 86' lang='lat' dir='ltr'><strong>Thomas</strong></span> <span class='ocrx_word' id='word_1_6' title='bbox 348 558 379 623; x_wconf 93' lang='lat' dir='ltr'>le</span> <span class='ocrx_word' id='word_1_7' title='bbox 402 558 523 644; x_wconf 87' lang='lat' dir='ltr'>Taylur</span> <span class='ocrx_word' id='word_1_8' title='bbox 544 566 577 623; x_wconf 89' lang='lat' dir='ltr'>et</span> <span class='ocrx_word' id='word_1_9' title='bbox 596 558 669 624; x_wconf 92' lang='lat' dir='ltr'>Nic.</span> <span class='ocrx_word' id='word_1_10' title='bbox 684 559 716 624; x_wconf 90' lang='lat' dir='ltr'>le</span> <span class='ocrx_word' id='word_1_11' title='bbox 737 559 865 624; x_wconf 88' lang='lat' dir='ltr'>Barbur</span> <span class='ocrx_word' id='word_1_12' title='bbox 885 558 1067 624; x_wconf 88' lang='lat' dir='ltr'>liberarunt</span> <span class='ocrx_word' id='word_1_13' title='bbox 1085 556 1161 622; x_wconf 90' lang='lat' dir='ltr'>dim.</span> <span class='ocrx_word' id='word_1_14' title='bbox 1177 563 1282 643; x_wconf 85' lang='lat' dir='ltr'>quart</span> <span class='ocrx_word' id='word_1_15' title='bbox 1296 554 1433 644; x_wconf 61' lang='lat' dir='ltr'>ffl&#39;ffl&#39;</span> 
     </span>
     <span class='ocr_line' id='line_1_3' title="bbox 114 650 1426 788; baseline 0 -64"><span class='ocrx_word' id='word_1_16' title='bbox 114 659 216 724; x_wconf 86' lang='lat' dir='ltr'>brasii</span> <span class='ocrx_word' id='word_1_17' title='bbox 232 661 272 726; x_wconf 92' lang='lat' dir='ltr'>de</span> <span class='ocrx_word' id='word_1_18' title='bbox 287 661 425 748; x_wconf 88' lang='lat' dir='ltr'>antiquo</span> <span class='ocrx_word' id='word_1_19' title='bbox 442 662 581 746; x_wconf 88' lang='lat' dir='ltr'>[debito]</span> <span class='ocrx_word' id='word_1_20' title='bbox 596 662 697 747; x_wconf 92' lang='lat' dir='ltr'>precii</span> <span class='ocrx_word' id='word_1_21' title='bbox 713 663 774 748; x_wconf 64' lang='lat' dir='ltr'>ijs.</span> <span class='ocrx_word' id='word_1_22' title='bbox 789 663 880 748; x_wconf 84' lang='lat' dir='ltr'>vj.d.¹</span> <span class='ocrx_word' id='word_1_23' title='bbox 896 672 930 729; x_wconf 89' lang='lat' dir='ltr'>et</span> <span class='ocrx_word' id='word_1_24' title='bbox 946 662 1046 727; x_wconf 88' lang='lat' dir='ltr'>habet</span> <span class='ocrx_word' id='word_1_25' title='bbox 1058 661 1281 746; x_wconf 82' lang='lat' dir='ltr'>unusquisque</span> <span class='ocrx_word' id='word_1_26' title='bbox 1295 650 1426 788; x_wconf 39' lang='grc' dir='ltr'>ἕψω</span> 
     </span>
     <span class='ocr_line' id='line_1_4' title="bbox 115 745 1390 852; baseline -0.001 -24"><span class='ocrx_word' id='word_1_27' title='bbox 115 786 231 828; x_wconf 90' lang='lat' dir='ltr'>eorum</span> <span class='ocrx_word' id='word_1_28' title='bbox 244 787 347 829; x_wconf 90' lang='lat' dir='ltr'>unum</span> <span class='ocrx_word' id='word_1_29' title='bbox 359 775 465 850; x_wconf 89' lang='lat' dir='ltr'>quart.</span> <span class='ocrx_word' id='word_1_30' title='bbox 475 766 573 830; x_wconf 88' lang='lat' dir='ltr'>brasii</span> <span class='ocrx_word' id='word_1_31' title='bbox 585 777 683 852; x_wconf 91' lang='lat' dir='ltr'>prout</span> <span class='ocrx_word' id='word_1_32' title='bbox 693 768 879 832; x_wconf 79' lang='lat' dir='ltr'>continetur</span> <span class='ocrx_word' id='word_1_33' title='bbox 888 767 922 832; x_wconf 92' lang='lat' dir='ltr'>in</span> <span class='ocrx_word' id='word_1_34' title='bbox 933 767 1025 832; x_wconf 91' lang='lat' dir='ltr'>dorso</span> <span class='ocrx_word' id='word_1_35' title='bbox 1035 766 1150 851; x_wconf 77' lang='lat' dir='ltr'>hujus²</span> <span class='ocrx_word' id='word_1_36' title='bbox 1158 763 1282 830; x_wconf 87' lang='lat' dir='ltr'>Rotuli.</span> <span class='ocrx_word' id='word_1_37' title='bbox 1295 746 1336 787; x_wconf 77' lang='lat'>⁰¹¹⁸</span> <span class='ocrx_word' id='word_1_38' title='bbox 1347 745 1390 787; x_wconf 60' lang='lat'>”¹⁸</span> 
     </span>
    </p>

    <p class='ocr_par' dir='ltr' id='par_1_3' title="bbox 115 869 1282 1144">
     <span class='ocr_line' id='line_1_5' title="bbox 186 869 1282 958; baseline -0.002 -24"><span class='ocrx_word' id='word_1_39' title='bbox 186 869 277 934; x_wconf 82' lang='lat' dir='ltr'>Uxor</span> <span class='ocrx_word' id='word_1_40' title='bbox 291 870 436 936; x_wconf 87' lang='lat' dir='ltr'>Simonis</span> <span class='ocrx_word' id='word_1_41' title='bbox 459 871 627 936; x_wconf 85' lang='lat' dir='ltr'>Godeman</span> <span class='ocrx_word' id='word_1_42' title='bbox 649 872 800 937; x_wconf 88' lang='lat' dir='ltr'>liberavit</span> <span class='ocrx_word' id='word_1_43' title='bbox 822 895 923 936; x_wconf 91' lang='lat' dir='ltr'>unum</span> <span class='ocrx_word' id='word_1_44' title='bbox 945 879 1049 958; x_wconf 89' lang='lat' dir='ltr'>quart.</span> <span class='ocrx_word' id='word_1_45' title='bbox 1073 869 1171 934; x_wconf 86' lang='lat' dir='ltr'>brasii</span> <span class='ocrx_word' id='word_1_46' title='bbox 1192 869 1282 954; x_wconf 86' lang='lat' dir='ltr'>0pre·</span> 
     </span>
     <span class='ocr_line' id='line_1_6' title="bbox 115 972 1281 1062; baseline -0.002 -24"><span class='ocrx_word' id='word_1_47' title='bbox 115 973 160 1038; x_wconf 93' lang='lat' dir='ltr'>cii</span> <span class='ocrx_word' id='word_1_48' title='bbox 191 997 219 1040; x_wconf 94' lang='lat' dir='ltr'>v.</span> <span class='ocrx_word' id='word_1_49' title='bbox 234 976 277 1042; x_wconf 83' lang='lat' dir='ltr'>c.⁰</span> <span class='ocrx_word' id='word_1_50' title='bbox 308 985 343 1040; x_wconf 86' lang='lat' dir='ltr'>et</span> <span class='ocrx_word' id='word_1_51' title='bbox 374 975 456 1040; x_wconf 92' lang='lat' dir='ltr'>nihil</span> <span class='ocrx_word' id='word_1_52' title='bbox 487 987 635 1042; x_wconf 79' lang='lat' dir='ltr'>remanet</span> <span class='ocrx_word' id='word_1_53' title='bbox 665 999 765 1062; x_wconf 89' lang='lat' dir='ltr'>penes</span> <span class='ocrx_word' id='word_1_54' title='bbox 797 977 887 1041; x_wconf 89' lang='lat' dir='ltr'>illam</span> <span class='ocrx_word' id='word_1_55' title='bbox 921 976 962 1040; x_wconf 89' lang='lat' dir='ltr'>de</span> <span class='ocrx_word' id='word_1_56' title='bbox 997 975 1134 1059; x_wconf 87' lang='lat' dir='ltr'>antiquo</span> <span class='ocrx_word' id='word_1_57' title='bbox 1169 972 1281 1038; x_wconf 90' lang='lat' dir='ltr'>debito</span> 
     </span>
     <span class='ocr_line' id='line_1_7' title="bbox 116 1077 1166 1144; baseline 0.001 -2"><span class='ocrx_word' id='word_1_58' title='bbox 116 1077 229 1142; x_wconf 86' lang='lat' dir='ltr'>mariti</span> <span class='ocrx_word' id='word_1_59' title='bbox 252 1078 313 1144; x_wconf 91' lang='lat' dir='ltr'>sui.</span> <span class='ocrx_word' id='word_1_60' title='bbox 728 1101 730 1106; x_wconf 89' lang='lat'>·</span> <span class='ocrx_word' id='word_1_61' title='bbox 1162 1113 1166 1120; x_wconf 93' lang='lat'>·</span> 
     </span>
    </p>

    <p class='ocr_par' dir='ltr' id='par_1_4' title="bbox 114 1182 1281 1372">
     <span class='ocr_line' id='line_1_8' title="bbox 184 1182 1281 1271; baseline 0 -25"><span class='ocrx_word' id='word_1_62' title='bbox 184 1182 272 1248; x_wconf 92' lang='lat' dir='ltr'>Will.</span> <span class='ocrx_word' id='word_1_63' title='bbox 288 1184 329 1248; x_wconf 88' lang='lat' dir='ltr'>de</span> <span class='ocrx_word' id='word_1_64' title='bbox 346 1184 490 1249; x_wconf 87' lang='lat' dir='ltr'>Refham</span> <span class='ocrx_word' id='word_1_65' title='bbox 508 1184 661 1250; x_wconf 89' lang='lat' dir='ltr'>liberavit</span> <span class='ocrx_word' id='word_1_66' title='bbox 676 1184 720 1271; x_wconf 85' lang='lat' dir='ltr'>xij</span> <span class='ocrx_word' id='word_1_67' title='bbox 732 1207 755 1250; x_wconf 80' lang='lat' dir='ltr'>a.</span> <span class='ocrx_word' id='word_1_68' title='bbox 773 1183 803 1270; x_wconf 92' lang='lat' dir='ltr'>vj</span> <span class='ocrx_word' id='word_1_69' title='bbox 816 1183 846 1249; x_wconf 80' lang='lat' dir='ltr'>d.</span> <span class='ocrx_word' id='word_1_70' title='bbox 862 1205 920 1269; x_wconf 91' lang='lat' dir='ltr'>pro</span> <span class='ocrx_word' id='word_1_71' title='bbox 935 1183 967 1268; x_wconf 87' lang='lat' dir='ltr'>ij.</span> <span class='ocrx_word' id='word_1_72' title='bbox 984 1191 1088 1269; x_wconf 87' lang='lat' dir='ltr'>quart.</span> <span class='ocrx_word' id='word_1_73' title='bbox 1105 1191 1139 1248; x_wconf 91' lang='lat' dir='ltr'>et</span> <span class='ocrx_word' id='word_1_74' title='bbox 1155 1182 1231 1248; x_wconf 92' lang='lat' dir='ltr'>dim.</span> <span class='ocrx_word' id='word_1_75' title='bbox 1248 1190 1281 1247; x_wconf 91' lang='lat' dir='ltr'>et</span> 
     </span>
     <span class='ocr_line' id='line_1_9' title="bbox 114 1287 522 1372; baseline 0.002 -21"><span class='ocrx_word' id='word_1_76' title='bbox 114 1287 250 1372; x_wconf 88' lang='lat' dir='ltr'>quietus</span> <span class='ocrx_word' id='word_1_77' title='bbox 266 1298 316 1352; x_wconf 89' lang='lat' dir='ltr'>est</span> <span class='ocrx_word' id='word_1_78' title='bbox 332 1288 371 1352; x_wconf 90' lang='lat' dir='ltr'>de</span> <span class='ocrx_word' id='word_1_79' title='bbox 387 1288 522 1353; x_wconf 86' lang='lat' dir='ltr'>catallis.</span> 
     </span>
    </p>

    <p class='ocr_par' dir='ltr' id='par_1_5' title="bbox 65 1389 1281 1581">
     <span class='ocr_line' id='line_1_10' title="bbox 65 1389 1281 1479; baseline -0.002 -23"><span class='ocrx_word' id='word_1_80' title='bbox 65 1443 73 1456; x_wconf 90' lang='lat'>.</span> <span class='ocrx_word' id='word_1_81' title='bbox 183 1391 346 1456; x_wconf 88' lang='lat' dir='ltr'>Dominus</span> <span class='ocrx_word' id='word_1_82' title='bbox 384 1392 457 1459; x_wconf 90' lang='lat' dir='ltr'>Nic.</span> <span class='ocrx_word' id='word_1_83' title='bbox 490 1393 678 1479; x_wconf 79' lang='lat' dir='ltr'>capellanus</span> <span class='ocrx_word' id='word_1_84' title='bbox 711 1392 863 1458; x_wconf 88' lang='lat' dir='ltr'>liberavit</span> <span class='ocrx_word' id='word_1_85' title='bbox 899 1415 1003 1456; x_wconf 91' lang='lat' dir='ltr'>unum</span> <span class='ocrx_word' id='word_1_86' title='bbox 1040 1399 1145 1477; x_wconf 88' lang='lat' dir='ltr'>quart.</span> <span class='ocrx_word' id='word_1_87' title='bbox 1184 1389 1281 1454; x_wconf 88' lang='lat' dir='ltr'>brasii</span> 
     </span>
     <span class='ocr_line' id='line_1_11' title="bbox 114 1496 294 1581; baseline 0.011 -21"><span class='ocrx_word' id='word_1_88' title='bbox 114 1496 217 1581; x_wconf 90' lang='lat' dir='ltr'>precii</span> <span class='ocrx_word' id='word_1_89' title='bbox 239 1518 294 1562; x_wconf 80' lang='lat' dir='ltr'>vs.</span> 
     </span>
    </p>

    <p class='ocr_par' dir='ltr' id='par_1_6' title="bbox 112 1599 1281 1876">
     <span class='ocr_line' id='line_1_12' title="bbox 183 1599 1281 1688; baseline -0.004 -22"><span class='ocrx_word' id='word_1_90' title='bbox 183 1600 291 1666; x_wconf 84' lang='lat' dir='ltr'>Adam</span> <span class='ocrx_word' id='word_1_91' title='bbox 323 1599 436 1686; x_wconf 80' lang='lat' dir='ltr'>Ely0t³</span> <span class='ocrx_word' id='word_1_92' title='bbox 464 1601 617 1666; x_wconf 89' lang='lat' dir='ltr'>liberavit</span> <span class='ocrx_word' id='word_1_93' title='bbox 643 1601 708 1666; x_wconf 92' lang='lat' dir='ltr'>duo</span> <span class='ocrx_word' id='word_1_94' title='bbox 732 1610 837 1688; x_wconf 86' lang='lat' dir='ltr'>quart.</span> <span class='ocrx_word' id='word_1_95' title='bbox 864 1601 962 1666; x_wconf 90' lang='lat' dir='ltr'>brasii</span> <span class='ocrx_word' id='word_1_96' title='bbox 992 1599 1093 1686; x_wconf 86' lang='lat' dir='ltr'>precii</span> <span class='ocrx_word' id='word_1_97' title='bbox 1119 1622 1191 1675; x_wconf 78' lang='lat' dir='ltr'>na,</span> <span class='ocrx_word' id='word_1_98' title='bbox 1217 1620 1281 1684; x_wconf 90' lang='lat' dir='ltr'>que</span> 
     </span>
     <span class='ocr_line' id='line_1_13' title="bbox 113 1703 1281 1792; baseline -0.003 -22"><span class='ocrx_word' id='word_1_99' title='bbox 113 1728 217 1792; x_wconf 90' lang='lat' dir='ltr'>penes</span> <span class='ocrx_word' id='word_1_100' title='bbox 240 1729 274 1771; x_wconf 88' lang='lat' dir='ltr'>se</span> <span class='ocrx_word' id='word_1_101' title='bbox 302 1706 418 1771; x_wconf 90' lang='lat' dir='ltr'>habuit</span> <span class='ocrx_word' id='word_1_102' title='bbox 445 1728 503 1792; x_wconf 89' lang='lat' dir='ltr'>per</span> <span class='ocrx_word' id='word_1_103' title='bbox 525 1728 582 1770; x_wconf 87' lang='lat' dir='ltr'>sex</span> <span class='ocrx_word' id='word_1_104' title='bbox 604 1728 706 1770; x_wconf 90' lang='lat' dir='ltr'>annos</span> <span class='ocrx_word' id='word_1_105' title='bbox 729 1717 763 1771; x_wconf 90' lang='lat' dir='ltr'>et</span> <span class='ocrx_word' id='word_1_106' title='bbox 785 1706 869 1770; x_wconf 92' lang='lat' dir='ltr'>nihil</span> <span class='ocrx_word' id='word_1_107' title='bbox 891 1713 1040 1772; x_wconf 82' lang='lat' dir='ltr'>remanet</span> <span class='ocrx_word' id='word_1_108' title='bbox 1064 1727 1138 1769; x_wconf 90' lang='lat' dir='ltr'>cum</span> <span class='ocrx_word' id='word_1_109' title='bbox 1162 1703 1218 1768; x_wconf 93' lang='lat' dir='ltr'>illo</span> <span class='ocrx_word' id='word_1_110' title='bbox 1239 1703 1281 1768; x_wconf 93' lang='lat' dir='ltr'>de</span> 
     </span>
     <span class='ocr_line' id='line_1_14' title="bbox 112 1809 250 1876; baseline 0.014 -2"><span class='ocrx_word' id='word_1_111' title='bbox 112 1809 250 1876; x_wconf 86' lang='lat' dir='ltr'>catallis.</span> 
     </span>
    </p>

    <p class='ocr_par' dir='ltr' id='par_1_7' title="bbox 112 1912 1280 2116">
     <span class='ocr_line' id='line_1_15' title="bbox 182 1912 1280 2000; baseline -0.003 -21"><span class='ocrx_word' id='word_1_112' title='bbox 182 1915 277 2000; x_wconf 83' lang='lat' dir='ltr'>Gydo</span> <span class='ocrx_word' id='word_1_113' title='bbox 302 1914 333 1982; x_wconf 92' lang='lat' dir='ltr'>le</span> <span class='ocrx_word' id='word_1_114' title='bbox 360 1937 472 2000; x_wconf 88' lang='lat' dir='ltr'>spycer</span> <span class='ocrx_word' id='word_1_115' title='bbox 495 1915 647 1979; x_wconf 88' lang='lat' dir='ltr'>liberavit</span> <span class='ocrx_word' id='word_1_116' title='bbox 669 1914 821 1979; x_wconf 90' lang='lat' dir='ltr'>similiter</span> <span class='ocrx_word' id='word_1_117' title='bbox 843 1915 908 1978; x_wconf 90' lang='lat' dir='ltr'>duo</span> <span class='ocrx_word' id='word_1_118' title='bbox 931 1923 1035 2000; x_wconf 83' lang='lat' dir='ltr'>quart.</span> <span class='ocrx_word' id='word_1_119' title='bbox 1059 1913 1158 1978; x_wconf 83' lang='lat' dir='ltr'>brasii</span> <span class='ocrx_word' id='word_1_120' title='bbox 1180 1912 1280 1999; x_wconf 90' lang='lat' dir='ltr'>precii</span> 
     </span>
     <span class='ocr_line' id='line_1_16' title="bbox 112 2017 1279 2116; baseline -0.002 -35"><span class='ocrx_word' id='word_1_121' title='bbox 112 2041 171 2083; x_wconf 76' lang='lat' dir='ltr'>xc.</span> <span class='ocrx_word' id='word_1_122' title='bbox 200 2040 265 2102; x_wconf 90' lang='lat' dir='ltr'>que</span> <span class='ocrx_word' id='word_1_123' title='bbox 295 2040 395 2104; x_wconf 90' lang='lat' dir='ltr'>penes</span> <span class='ocrx_word' id='word_1_124' title='bbox 421 2041 455 2082; x_wconf 88' lang='lat' dir='ltr'>se</span> <span class='ocrx_word' id='word_1_125' title='bbox 483 2018 600 2084; x_wconf 87' lang='lat' dir='ltr'>habuit</span> <span class='ocrx_word' id='word_1_126' title='bbox 626 2040 685 2103; x_wconf 91' lang='lat' dir='ltr'>per</span> <span class='ocrx_word' id='word_1_127' title='bbox 713 2019 755 2104; x_wconf 87' lang='lat' dir='ltr'>vj.</span> <span class='ocrx_word' id='word_1_128' title='bbox 783 2041 884 2083; x_wconf 86' lang='lat' dir='ltr'>annos</span> <span class='ocrx_word' id='word_1_129' title='bbox 910 2019 980 2083; x_wconf 79' lang='lat' dir='ltr'>‘’et‘&#39;</span> <span class='ocrx_word' id='word_1_130' title='bbox 1005 2018 1138 2104; x_wconf 90' lang='lat' dir='ltr'>quietus</span> <span class='ocrx_word' id='word_1_131' title='bbox 1165 2025 1215 2116; x_wconf 75' lang='lat' dir='ltr'>est</span> <span class='ocrx_word' id='word_1_132' title='bbox 1239 2017 1279 2080; x_wconf 90' lang='lat' dir='ltr'>de</span> 
     </span>
    </p>
   </div>
   <div class='ocr_carea' id='block_1_3' title="bbox 1 2121 252 2188">
    <p class='ocr_par' dir='ltr' id='par_1_8' title="bbox 1 2121 252 2188">
     <span class='ocr_line' id='line_1_17' title="bbox 1 2121 252 2188; baseline -0.008 0"><span class='ocrx_word' id='word_1_133' title='bbox 1 2185 2 2188; x_wconf 74' lang='grc'>,</span> <span class='ocrx_word' id='word_1_134' title='bbox 114 2121 252 2186; x_wconf 82' lang='lat' dir='ltr'>catallis.</span> 
     </span>
    </p>
   </div>
   <div class='ocr_carea' id='block_1_4' title="bbox 113 2223 1281 2416">
    <p class='ocr_par' dir='ltr' id='par_1_9' title="bbox 113 2223 1281 2416">
     <span class='ocr_line' id='line_1_18' title="bbox 187 2223 1281 2312; baseline 0 -25"><span class='ocrx_word' id='word_1_135' title='bbox 187 2223 268 2288; x_wconf 87' lang='lat' dir='ltr'>Sim.</span> <span class='ocrx_word' id='word_1_136' title='bbox 286 2224 327 2288; x_wconf 91' lang='lat' dir='ltr'>de</span> <span class='ocrx_word' id='word_1_137' title='bbox 343 2223 477 2289; x_wconf 89' lang='lat' dir='ltr'>Stocton</span> <span class='ocrx_word' id='word_1_138' title='bbox 494 2225 647 2290; x_wconf 86' lang='lat' dir='ltr'>liberavit</span> <span class='ocrx_word' id='word_1_139' title='bbox 667 2225 742 2290; x_wconf 90' lang='lat' dir='ltr'>dim.</span> <span class='ocrx_word' id='word_1_140' title='bbox 760 2235 864 2312; x_wconf 84' lang='lat' dir='ltr'>quart.</span> <span class='ocrx_word' id='word_1_141' title='bbox 888 2226 988 2311; x_wconf 90' lang='lat' dir='ltr'>precii</span> <span class='ocrx_word' id='word_1_142' title='bbox 1008 2225 1074 2310; x_wconf 60' lang='lat' dir='ltr'>ijs.</span> <span class='ocrx_word' id='word_1_143' title='bbox 1096 2233 1130 2290; x_wconf 90' lang='lat' dir='ltr'>et</span> <span class='ocrx_word' id='word_1_144' title='bbox 1150 2224 1229 2309; x_wconf 84' lang='lat' dir='ltr'>vj.d.</span> <span class='ocrx_word' id='word_1_145' title='bbox 1247 2232 1281 2288; x_wconf 92' lang='lat' dir='ltr'>et</span> 
     </span>
     <span class='ocr_line' id='line_1_19' title="bbox 113 2328 1279 2416; baseline -0.003 -21"><span class='ocrx_word' id='word_1_146' title='bbox 113 2338 288 2395; x_wconf 87' lang='lat' dir='ltr'>remanent</span> <span class='ocrx_word' id='word_1_147' title='bbox 317 2352 417 2416; x_wconf 91' lang='lat' dir='ltr'>penes</span> <span class='ocrx_word' id='word_1_148' title='bbox 448 2353 523 2394; x_wconf 90' lang='lat' dir='ltr'>eum</span> <span class='ocrx_word' id='word_1_149' title='bbox 554 2331 595 2395; x_wconf 90' lang='lat' dir='ltr'>de</span> <span class='ocrx_word' id='word_1_150' title='bbox 626 2331 752 2396; x_wconf 89' lang='lat' dir='ltr'>catallis</span> <span class='ocrx_word' id='word_1_151' title='bbox 782 2331 848 2395; x_wconf 92' lang='lat' dir='ltr'>duo</span> <span class='ocrx_word' id='word_1_152' title='bbox 878 2338 982 2416; x_wconf 87' lang='lat' dir='ltr'>quart.</span> <span class='ocrx_word' id='word_1_153' title='bbox 1013 2329 1111 2394; x_wconf 88' lang='lat' dir='ltr'>brasii</span> <span class='ocrx_word' id='word_1_154' title='bbox 1136 2329 1220 2393; x_wconf 88' lang='lat' dir='ltr'>sicut</span> <span class='ocrx_word' id='word_1_155' title='bbox 1245 2328 1279 2392; x_wconf 94' lang='lat' dir='ltr'>in</span> 
     </span>
    </p>
   </div>
   <div class='ocr_carea' id='block_1_5' title="bbox 1 2431 716 2520">
    <p class='ocr_par' dir='ltr' id='par_1_10' title="bbox 1 2431 716 2520">
     <span class='ocr_line' id='line_1_20' title="bbox 1 2431 716 2520; baseline 0.003 -22"><span class='ocrx_word' id='word_1_156' title='bbox 1 2507 2 2512; x_wconf 8' lang='grc' dir='ltr'>η</span> <span class='ocrx_word' id='word_1_157' title='bbox 113 2433 250 2520; x_wconf 87' lang='lat' dir='ltr'>†rotulo</span> <span class='ocrx_word' id='word_1_158' title='bbox 267 2433 365 2519; x_wconf 88' lang='lat' dir='ltr'>hujus</span> <span class='ocrx_word' id='word_1_159' title='bbox 380 2431 507 2517; x_wconf 61' lang='lat' dir='ltr'>dorsil⁴</span> <span class='ocrx_word' id='word_1_160' title='bbox 522 2434 716 2501; x_wconf 87' lang='lat' dir='ltr'>continetur.</span> 
     </span>
    </p>
   </div>
   <div class='ocr_carea' id='block_1_6' title="bbox 114 2569 1393 2968">
    <p class='ocr_par' dir='ltr' id='par_1_11' title="bbox 114 2569 1393 2968">
     <span class='ocr_line' id='line_1_21' title="bbox 185 2569 1393 2656; baseline 0.001 -22"><span class='ocrx_word' id='word_1_161' title='bbox 185 2571 282 2655; x_wconf 90' lang='lat' dir='ltr'>[Nov.</span> <span class='ocrx_word' id='word_1_162' title='bbox 312 2574 363 2644; x_wconf 84' lang='lat'>13.</span> <span class='ocrx_word' id='word_1_163' title='bbox 391 2572 489 2655; x_wconf 83' lang='lat'>1305]</span> <span class='ocrx_word' id='word_1_164' title='bbox 538 2571 785 2636; x_wconf 87' lang='lat' dir='ltr'>Memoraudum</span> <span class='ocrx_word' id='word_1_165' title='bbox 808 2569 895 2656; x_wconf 91' lang='lat' dir='ltr'>quod</span> <span class='ocrx_word' id='word_1_166' title='bbox 918 2570 1030 2635; x_wconf 87' lang='lat' dir='ltr'>habito</span> <span class='ocrx_word' id='word_1_167' title='bbox 1054 2579 1203 2656; x_wconf 89' lang='lat' dir='ltr'>compoto</span> <span class='ocrx_word' id='word_1_168' title='bbox 1226 2571 1279 2635; x_wconf 90' lang='lat' dir='ltr'>die</span> <span class='ocrx_word' id='word_1_169' title='bbox 1293 2587 1393 2628; x_wconf 75' lang='lat' dir='ltr'>Awount</span> 
     </span>
     <span class='ocr_line' id='line_1_22' title="bbox 114 2674 1280 2762; baseline 0.001 -23"><span class='ocrx_word' id='word_1_170' title='bbox 114 2675 256 2739; x_wconf 85' lang='lat' dir='ltr'>Sabbati</span> <span class='ocrx_word' id='word_1_171' title='bbox 278 2674 424 2759; x_wconf 86' lang='lat' dir='ltr'>proxima</span> <span class='ocrx_word' id='word_1_172' title='bbox 446 2683 519 2760; x_wconf 89' lang='lat' dir='ltr'>post</span> <span class='ocrx_word' id='word_1_173' title='bbox 542 2676 662 2739; x_wconf 86' lang='lat' dir='ltr'>festum</span> <span class='ocrx_word' id='word_1_174' title='bbox 684 2677 785 2738; x_wconf 90' lang='lat' dir='ltr'>sancti</span> <span class='ocrx_word' id='word_1_175' title='bbox 811 2675 947 2739; x_wconf 89' lang='lat' dir='ltr'>Martini</span> <span class='ocrx_word' id='word_1_176' title='bbox 969 2675 1072 2739; x_wconf 87' lang='lat' dir='ltr'>⁰anno</span> <span class='ocrx_word' id='word_1_177' title='bbox 1087 2675 1178 2762; x_wconf 89' lang='lat' dir='ltr'>regni</span> <span class='ocrx_word' id='word_1_178' title='bbox 1194 2675 1280 2762; x_wconf 85' lang='lat' dir='ltr'>regis</span> 
     </span>
     <span class='ocr_line' id='line_1_23' title="bbox 114 2778 1281 2864; baseline 0 -22"><span class='ocrx_word' id='word_1_179' title='bbox 114 2778 270 2843; x_wconf 87' lang='lat' dir='ltr'>Edwardi</span> <span class='ocrx_word' id='word_1_180' title='bbox 290 2802 363 2844; x_wconf 85' lang='lat' dir='ltr'>xxx.</span> <span class='ocrx_word' id='word_1_181' title='bbox 380 2779 448 2864; x_wconf 86' lang='lat' dir='ltr'>iij⁰⁰</span> <span class='ocrx_word' id='word_1_182' title='bbox 470 2802 544 2844; x_wconf 87' lang='lat' dir='ltr'>curn</span> <span class='ocrx_word' id='word_1_183' title='bbox 564 2779 694 2844; x_wconf 91' lang='lat' dir='ltr'>domino</span> <span class='ocrx_word' id='word_1_184' title='bbox 714 2779 873 2844; x_wconf 88' lang='lat' dir='ltr'>Nicholao</span> <span class='ocrx_word' id='word_1_185' title='bbox 894 2779 1060 2864; x_wconf 85' lang='lat' dir='ltr'>capellano</span> <span class='ocrx_word' id='word_1_186' title='bbox 1083 2780 1281 2864; x_wconf 83' lang='lat' dir='ltr'>computatis</span> 
     </span>
     <span class='ocr_line' id='line_1_24' title="bbox 114 2883 1280 2968; baseline 0.001 -21"><span class='ocrx_word' id='word_1_187' title='bbox 114 2883 346 2968; x_wconf 87' lang='lat' dir='ltr'>computandis</span> <span class='ocrx_word' id='word_1_188' title='bbox 361 2890 395 2954; x_wconf 83' lang='lat' dir='ltr'>et</span> <span class='ocrx_word' id='word_1_189' title='bbox 410 2883 558 2948; x_wconf 82' lang='lat' dir='ltr'>allocatis</span> <span class='ocrx_word' id='word_1_190' title='bbox 574 2883 749 2948; x_wconf 88' lang='lat' dir='ltr'>allocandis</span> <span class='ocrx_word' id='word_1_191' title='bbox 765 2885 805 2948; x_wconf 90' lang='lat' dir='ltr'>de</span> <span class='ocrx_word' id='word_1_192' title='bbox 821 2884 972 2948; x_wconf 89' lang='lat' dir='ltr'>omnibus</span> <span class='ocrx_word' id='word_1_193' title='bbox 988 2883 1073 2948; x_wconf 86' lang='lat' dir='ltr'>datis</span> <span class='ocrx_word' id='word_1_194' title='bbox 1089 2893 1123 2947; x_wconf 92' lang='lat' dir='ltr'>et</span> <span class='ocrx_word' id='word_1_195' title='bbox 1142 2884 1280 2968; x_wconf 86' lang='lat' dir='ltr'>receptis</span> 
     </span>
    </p>
   </div>
   <div class='ocr_carea' id='block_1_7' title="bbox 18 2987 1280 3074">
    <p class='ocr_par' dir='ltr' id='par_1_12' title="bbox 18 2987 1280 3074">
     <span class='ocr_line' id='line_1_25' title="bbox 18 2987 1280 3074; baseline 0.001 -23"><span class='ocrx_word' id='word_1_196' title='bbox 18 3003 23 3014; x_wconf 91' lang='lat'>&#39;</span> <span class='ocrx_word' id='word_1_197' title='bbox 114 2988 196 3052; x_wconf 85' lang='lat' dir='ltr'>anni</span> <span class='ocrx_word' id='word_1_198' title='bbox 223 2987 372 3071; x_wconf 91' lang='lat' dir='ltr'>preteriti</span> <span class='ocrx_word' id='word_1_199' title='bbox 396 2997 543 3052; x_wconf 86' lang='lat' dir='ltr'>remanet</span> <span class='ocrx_word' id='word_1_200' title='bbox 570 2989 640 3073; x_wconf 88' lang='lat' dir='ltr'>ipse</span> <span class='ocrx_word' id='word_1_201' title='bbox 665 2988 829 3074; x_wconf 85' lang='lat' dir='ltr'>obligatus</span> <span class='ocrx_word' id='word_1_202' title='bbox 854 2988 1022 3052; x_wconf 88' lang='lat' dir='ltr'>indecem</span> <span class='ocrx_word' id='word_1_203' title='bbox 1047 2997 1081 3052; x_wconf 89' lang='lat' dir='ltr'>et</span> <span class='ocrx_word' id='word_1_204' title='bbox 1104 2999 1176 3052; x_wconf 91' lang='lat' dir='ltr'>octo</span> <span class='ocrx_word' id='word_1_205' title='bbox 1199 3011 1221 3052; x_wconf 84' lang='lat' dir='ltr'>s.</span> <span class='ocrx_word' id='word_1_206' title='bbox 1246 2999 1280 3053; x_wconf 92' lang='lat' dir='ltr'>et</span> 
     </span>
    </p>
   </div>
   <div class='ocr_carea' id='block_1_8' title="bbox 113 3090 1445 3385">
    <p class='ocr_par' dir='ltr' id='par_1_13' title="bbox 113 3090 1445 3385">
     <span class='ocr_line' id='line_1_26' title="bbox 113 3090 1280 3175; baseline 0 -21"><span class='ocrx_word' id='word_1_207' title='bbox 113 3091 164 3175; x_wconf 88' lang='lat' dir='ltr'>iiij</span> <span class='ocrx_word' id='word_1_208' title='bbox 176 3091 206 3154; x_wconf 84' lang='lat' dir='ltr'>d.</span> <span class='ocrx_word' id='word_1_209' title='bbox 230 3090 404 3174; x_wconf 90' lang='lat' dir='ltr'>inquibus</span> <span class='ocrx_word' id='word_1_210' title='bbox 426 3091 494 3154; x_wconf 88' lang='lat' dir='ltr'>Ric.</span> <span class='ocrx_word' id='word_1_211' title='bbox 513 3091 612 3175; x_wconf 87' lang='lat' dir='ltr'>Parys</span> <span class='ocrx_word' id='word_1_212' title='bbox 631 3091 693 3155; x_wconf 87' lang='lat' dir='ltr'>sibi</span> <span class='ocrx_word' id='word_1_213' title='bbox 714 3098 848 3155; x_wconf 91' lang='lat' dir='ltr'>tenetur</span> <span class='ocrx_word' id='word_1_214' title='bbox 866 3091 899 3154; x_wconf 95' lang='lat' dir='ltr'>in</span> <span class='ocrx_word' id='word_1_215' title='bbox 924 3113 986 3168; x_wconf 82' lang='lat' dir='ltr'>xa,</span> <span class='ocrx_word' id='word_1_216' title='bbox 1010 3101 1044 3155; x_wconf 91' lang='lat' dir='ltr'>et</span> <span class='ocrx_word' id='word_1_217' title='bbox 1068 3092 1147 3157; x_wconf 89' lang='lat' dir='ltr'>Sim.</span> <span class='ocrx_word' id='word_1_218' title='bbox 1171 3091 1280 3156; x_wconf 77' lang='lat' dir='ltr'>Skau⁶</span> 
     </span>
     <span class='ocr_line' id='line_1_27' title="bbox 114 3192 1445 3292; baseline 0.002 -34"><span class='ocrx_word' id='word_1_219' title='bbox 114 3195 151 3258; x_wconf 91' lang='lat' dir='ltr'>in</span> <span class='ocrx_word' id='word_1_220' title='bbox 179 3216 235 3258; x_wconf 86' lang='lat' dir='ltr'>sex</span> <span class='ocrx_word' id='word_1_221' title='bbox 262 3216 285 3258; x_wconf 83' lang='lat' dir='ltr'>a.</span> <span class='ocrx_word' id='word_1_222' title='bbox 310 3192 344 3278; x_wconf 92' lang='lat' dir='ltr'>iij</span> <span class='ocrx_word' id='word_1_223' title='bbox 358 3193 386 3258; x_wconf 81' lang='lat' dir='ltr'>d.</span> <span class='ocrx_word' id='word_1_224' title='bbox 415 3216 513 3279; x_wconf 91' lang='lat' dir='ltr'>quam</span> <span class='ocrx_word' id='word_1_225' title='bbox 541 3195 714 3279; x_wconf 89' lang='lat' dir='ltr'>pecuniam</span> <span class='ocrx_word' id='word_1_226' title='bbox 740 3195 864 3280; x_wconf 89' lang='lat' dir='ltr'>recepit</span> <span class='ocrx_word' id='word_1_227' title='bbox 894 3195 928 3258; x_wconf 92' lang='lat' dir='ltr'>in</span> <span class='ocrx_word' id='word_1_228' title='bbox 954 3204 1082 3279; x_wconf 89' lang='lat' dir='ltr'>partem</span> <span class='ocrx_word' id='word_1_229' title='bbox 1106 3195 1279 3260; x_wconf 89' lang='lat' dir='ltr'>solucionis</span> <span class='ocrx_word' id='word_1_230' title='bbox 1293 3201 1445 3292; x_wconf 46' lang='lat' dir='ltr'>{emim</span> 
     </span>
     <span class='ocr_line' id='line_1_28' title="bbox 115 3297 697 3385; baseline 0.005 -23"><span class='ocrx_word' id='word_1_231' title='bbox 115 3298 246 3362; x_wconf 89' lang='lat' dir='ltr'>servicii</span> <span class='ocrx_word' id='word_1_232' title='bbox 262 3299 312 3362; x_wconf 89' lang='lat' dir='ltr'>sui</span> <span class='ocrx_word' id='word_1_233' title='bbox 329 3297 369 3362; x_wconf 93' lang='lat' dir='ltr'>de</span> <span class='ocrx_word' id='word_1_234' title='bbox 384 3321 469 3362; x_wconf 88' lang='lat' dir='ltr'>anno</span> <span class='ocrx_word' id='word_1_235' title='bbox 484 3322 556 3363; x_wconf 88' lang='lat' dir='ltr'>xxx.</span> <span class='ocrx_word' id='word_1_236' title='bbox 573 3308 697 3385; x_wconf 84' lang='lat' dir='ltr'>quarto.</span> 
     </span>
    </p>
   </div>
   <div class='ocr_carea' id='block_1_9' title="bbox 184 3407 1444 3524">
    <p class='ocr_par' dir='ltr' id='par_1_14' title="bbox 184 3407 1444 3524">
     <span class='ocr_line' id='line_1_29' title="bbox 184 3407 1444 3524; baseline 0.006 -24"><span class='ocrx_word' id='word_1_237' title='bbox 184 3436 277 3521; x_wconf 91' lang='lat' dir='ltr'>[Dec.</span> <span class='ocrx_word' id='word_1_238' title='bbox 297 3441 348 3515; x_wconf 87' lang='lat'>30,</span> <span class='ocrx_word' id='word_1_239' title='bbox 370 3439 469 3522; x_wconf 88' lang='lat'>1305]</span> <span class='ocrx_word' id='word_1_240' title='bbox 516 3439 763 3503; x_wconf 89' lang='lat' dir='ltr'>Memorandum</span> <span class='ocrx_word' id='word_1_241' title='bbox 787 3407 873 3524; x_wconf 85' lang='lat' dir='ltr'>quod</span> <span class='ocrx_word' id='word_1_242' title='bbox 896 3407 1008 3503; x_wconf 92' lang='lat' dir='ltr'>habito</span> <span class='ocrx_word' id='word_1_243' title='bbox 1031 3448 1180 3524; x_wconf 89' lang='lat' dir='ltr'>compoto</span> <span class='ocrx_word' id='word_1_244' title='bbox 1203 3463 1277 3504; x_wconf 89' lang='lat' dir='ltr'>cum</span> <span class='ocrx_word' id='word_1_245' title='bbox 1293 3467 1444 3510; x_wconf 61' lang='lat' dir='ltr'>caumana</span> 
     </span>
    </p>
   </div>
   <div class='ocr_carea' id='block_1_10' title="bbox 115 3517 1385 3628">
    <p class='ocr_par' dir='ltr' id='par_1_15' title="bbox 115 3517 1385 3628">
     <span class='ocr_line' id='line_1_30' title="bbox 115 3517 1385 3628; baseline 0.002 -23"><span class='ocrx_word' id='word_1_246' title='bbox 115 3540 341 3605; x_wconf 87' lang='lat' dir='ltr'>collectoribus</span> <span class='ocrx_word' id='word_1_247' title='bbox 357 3551 425 3606; x_wconf 87' lang='lat' dir='ltr'>tam</span> <span class='ocrx_word' id='word_1_248' title='bbox 442 3542 481 3606; x_wconf 91' lang='lat' dir='ltr'>de</span> <span class='ocrx_word' id='word_1_249' title='bbox 497 3565 582 3606; x_wconf 86' lang='lat' dir='ltr'>anno</span> <span class='ocrx_word' id='word_1_250' title='bbox 597 3545 753 3628; x_wconf 90' lang='lat' dir='ltr'>preterito</span> <span class='ocrx_word' id='word_1_251' title='bbox 770 3565 865 3628; x_wconf 88' lang='lat' dir='ltr'>quam</span> <span class='ocrx_word' id='word_1_252' title='bbox 883 3543 1027 3628; x_wconf 87' lang='lat' dir='ltr'>presenti</span> <span class='ocrx_word' id='word_1_253' title='bbox 1039 3543 1185 3608; x_wconf 88' lang='lat' dir='ltr'>allocatis</span> <span class='ocrx_word' id='word_1_254' title='bbox 1201 3543 1279 3607; x_wconf 89' lang='lat' dir='ltr'>allo·</span> <span class='ocrx_word' id='word_1_255' title='bbox 1292 3517 1385 3557; x_wconf 66' lang='lat' dir='ltr'>mooun</span> 
     </span>
    </p>
   </div>
   <div class='ocr_carea' id='block_1_11' title="bbox 114 3645 1279 3939">
    <p class='ocr_par' dir='ltr' id='par_1_16' title="bbox 114 3645 1279 3939">
     <span class='ocr_line' id='line_1_31' title="bbox 114 3645 1279 3732; baseline 0.004 -22"><span class='ocrx_word' id='word_1_256' title='bbox 114 3645 228 3710; x_wconf 89' lang='lat' dir='ltr'>candis</span> <span class='ocrx_word' id='word_1_257' title='bbox 248 3655 420 3710; x_wconf 88' lang='lat' dir='ltr'>remanent</span> <span class='ocrx_word' id='word_1_258' title='bbox 439 3668 538 3731; x_wconf 90' lang='lat' dir='ltr'>penes</span> <span class='ocrx_word' id='word_1_259' title='bbox 559 3647 745 3711; x_wconf 88' lang='lat' dir='ltr'>collectores</span> <span class='ocrx_word' id='word_1_260' title='bbox 761 3657 885 3710; x_wconf 90' lang='lat' dir='ltr'>nostros</span> <span class='ocrx_word' id='word_1_261' title='bbox 906 3656 1030 3732; x_wconf 89' lang='lat' dir='ltr'>septem</span> <span class='ocrx_word' id='word_1_262' title='bbox 1044 3647 1076 3711; x_wconf 86' lang='lat' dir='ltr'>li.</span> <span class='ocrx_word' id='word_1_263' title='bbox 1100 3657 1240 3732; x_wconf 88' lang='lat' dir='ltr'>quatuor</span> <span class='ocrx_word' id='word_1_264' title='bbox 1255 3671 1279 3716; x_wconf 81' lang='lat' dir='ltr'>c.</span> 
     </span>
     <span class='ocr_line' id='line_1_32' title="bbox 115 3749 1278 3835; baseline 0.002 -21"><span class='ocrx_word' id='word_1_265' title='bbox 115 3759 150 3814; x_wconf 93' lang='lat' dir='ltr'>et</span> <span class='ocrx_word' id='word_1_266' title='bbox 174 3771 256 3812; x_wconf 87' lang='lat' dir='ltr'>vnus</span> <span class='ocrx_word' id='word_1_267' title='bbox 274 3749 304 3814; x_wconf 75' lang='lat' dir='ltr'>d.</span> <span class='ocrx_word' id='word_1_268' title='bbox 323 3749 364 3812; x_wconf 90' lang='lat' dir='ltr'>de</span> <span class='ocrx_word' id='word_1_269' title='bbox 387 3749 480 3814; x_wconf 86' lang='lat' dir='ltr'>claro.</span> <span class='ocrx_word' id='word_1_270' title='bbox 527 3751 599 3814; x_wconf 89' lang='lat' dir='ltr'>Hoc</span> <span class='ocrx_word' id='word_1_271' title='bbox 622 3762 807 3835; x_wconf 90' lang='lat' dir='ltr'>compotum</span> <span class='ocrx_word' id='word_1_272' title='bbox 832 3749 998 3815; x_wconf 90' lang='lat' dir='ltr'>redditum</span> <span class='ocrx_word' id='word_1_273' title='bbox 1021 3749 1085 3815; x_wconf 84' lang='lat' dir='ltr'>fuir</span> <span class='ocrx_word' id='word_1_274' title='bbox 1108 3751 1161 3816; x_wconf 91' lang='lat' dir='ltr'>die</span> <span class='ocrx_word' id='word_1_275' title='bbox 1184 3753 1278 3817; x_wconf 90' lang='lat' dir='ltr'>Jovis</span> 
     </span>
     <span class='ocr_line' id='line_1_33' title="bbox 115 3853 660 3939; baseline 0.004 -23"><span class='ocrx_word' id='word_1_276' title='bbox 115 3853 265 3939; x_wconf 88' lang='lat' dir='ltr'>proxima</span> <span class='ocrx_word' id='word_1_277' title='bbox 287 3864 360 3938; x_wconf 93' lang='lat' dir='ltr'>post</span> <span class='ocrx_word' id='word_1_278' title='bbox 384 3854 503 3919; x_wconf 88' lang='lat' dir='ltr'>Natale</span> <span class='ocrx_word' id='word_1_279' title='bbox 527 3854 660 3919; x_wconf 89' lang='lat' dir='ltr'>domini.</span> 
     </span>
    </p>
   </div>
   <div class='ocr_carea' id='block_1_12' title="bbox 164 4072 1279 4141">
    <p class='ocr_par' dir='ltr' id='par_1_17' title="bbox 164 4072 1279 4141">
     <span class='ocr_line' id='line_1_34' title="bbox 164 4072 1279 4141; baseline 0.006 -18"><span class='ocrx_word' id='word_1_280' title='bbox 164 4074 173 4105; x_wconf 90' lang='lat'>¹</span> <span class='ocrx_word' id='word_1_281' title='bbox 190 4073 224 4122; x_wconf 82' lang='lat' dir='ltr'>In</span> <span class='ocrx_word' id='word_1_282' title='bbox 235 4072 290 4123; x_wconf 87' lang='lat' dir='ltr'>this</span> <span class='ocrx_word' id='word_1_283' title='bbox 301 4073 355 4124; x_wconf 83' lang='lat' dir='ltr'>and</span> <span class='ocrx_word' id='word_1_284' title='bbox 365 4073 410 4124; x_wconf 82' lang='lat' dir='ltr'>the</span> <span class='ocrx_word' id='word_1_285' title='bbox 422 4073 462 4123; x_wconf 82' lang='lat' dir='ltr'>six</span> <span class='ocrx_word' id='word_1_286' title='bbox 473 4078 535 4124; x_wconf 83' lang='lat' dir='ltr'>next</span> <span class='ocrx_word' id='word_1_287' title='bbox 546 4075 642 4126; x_wconf 86' lang='lat' dir='ltr'>entries</span> <span class='ocrx_word' id='word_1_288' title='bbox 654 4075 699 4126; x_wconf 88' lang='lat' dir='ltr'>the</span> <span class='ocrx_word' id='word_1_289' title='bbox 715 4076 798 4139; x_wconf 86' lang='lat' dir='ltr'>prices</span> <span class='ocrx_word' id='word_1_290' title='bbox 809 4076 860 4126; x_wconf 92' lang='lat' dir='ltr'>due</span> <span class='ocrx_word' id='word_1_291' title='bbox 877 4092 921 4128; x_wconf 88' lang='lat' dir='ltr'>are</span> <span class='ocrx_word' id='word_1_292' title='bbox 936 4077 1015 4128; x_wconf 88' lang='lat' dir='ltr'>noted</span> <span class='ocrx_word' id='word_1_293' title='bbox 1029 4077 1057 4127; x_wconf 89' lang='lat' dir='ltr'>in</span> <span class='ocrx_word' id='word_1_294' title='bbox 1069 4077 1114 4128; x_wconf 89' lang='lat' dir='ltr'>the</span> <span class='ocrx_word' id='word_1_295' title='bbox 1125 4078 1237 4141; x_wconf 78' lang='lat' dir='ltr'>margin,</span> <span class='ocrx_word' id='word_1_296' title='bbox 1249 4095 1279 4130; x_wconf 83' lang='lat' dir='ltr'>as</span> 
     </span>
    </p>
   </div>
   <div class='ocr_carea' id='block_1_13' title="bbox 1 4146 1039 4209">
    <p class='ocr_par' dir='ltr' id='par_1_18' title="bbox 1 4146 1039 4209">
     <span class='ocr_line' id='line_1_35' title="bbox 1 4146 1039 4209; baseline 0.005 -5"><span class='ocrx_word' id='word_1_297' title='bbox 1 4146 2 4161; x_wconf 56' lang='lat'>¹</span> <span class='ocrx_word' id='word_1_298' title='bbox 110 4156 142 4205; x_wconf 91' lang='lat' dir='ltr'>in</span> <span class='ocrx_word' id='word_1_299' title='bbox 154 4154 201 4205; x_wconf 84' lang='lat' dir='ltr'>the</span> <span class='ocrx_word' id='word_1_300' title='bbox 212 4159 277 4206; x_wconf 85' lang='lat' dir='ltr'>text.</span> <span class='ocrx_word' id='word_1_301' title='bbox 869 4158 920 4208; x_wconf 78' lang='lat'>²1)</span> <span class='ocrx_word' id='word_1_302' title='bbox 931 4158 1039 4209; x_wconf 82' lang='lat' dir='ltr'>deleted.</span> 
     </span>
    </p>
   </div>
   <div class='ocr_carea' id='block_1_14' title="bbox 163 4237 1028 4382">
    <p class='ocr_par' dir='ltr' id='par_1_19' title="bbox 163 4237 1028 4382">
     <span class='ocr_line' id='line_1_36' title="bbox 164 4237 1028 4304; baseline 0.005 -18"><span class='ocrx_word' id='word_1_303' title='bbox 164 4237 175 4270; x_wconf 78' lang='lat'><strong>⁸</strong></span> <span class='ocrx_word' id='word_1_304' title='bbox 192 4237 332 4288; x_wconf 75' lang='lat' dir='ltr'>Alderman</span> <span class='ocrx_word' id='word_1_305' title='bbox 344 4239 373 4287; x_wconf 87' lang='lat' dir='ltr'>ol</span> <span class='ocrx_word' id='word_1_306' title='bbox 383 4238 427 4288; x_wconf 88' lang='lat' dir='ltr'>the</span> <span class='ocrx_word' id='word_1_307' title='bbox 438 4238 492 4301; x_wconf 79' lang='lat' dir='ltr'>gild</span> <span class='ocrx_word' id='word_1_308' title='bbox 504 4240 577 4298; x_wconf 81' lang='lat'>1306,</span> <span class='ocrx_word' id='word_1_309' title='bbox 589 4240 642 4290; x_wconf 80' lang='lat' dir='ltr'>and</span> <span class='ocrx_word' id='word_1_310' title='bbox 654 4254 695 4290; x_wconf 84' lang='lat' dir='ltr'>see</span> <span class='ocrx_word' id='word_1_311' title='bbox 705 4239 849 4303; x_wconf 80' lang='lat' dir='ltr'>Appendix,</span> <span class='ocrx_word' id='word_1_312' title='bbox 861 4256 918 4292; x_wconf 88' lang='lat' dir='ltr'>nos.</span> <span class='ocrx_word' id='word_1_313' title='bbox 934 4243 974 4304; x_wconf 86' lang='lat'>13,</span> <span class='ocrx_word' id='word_1_314' title='bbox 988 4243 1028 4290; x_wconf 84' lang='lat'>14.</span> 
     </span>
     <span class='ocr_line' id='line_1_37' title="bbox 163 4318 603 4382; baseline 0.002 -15"><span class='ocrx_word' id='word_1_315' title='bbox 163 4318 174 4350; x_wconf 86' lang='lat'><strong>⁴</strong></span> <span class='ocrx_word' id='word_1_316' title='bbox 190 4319 243 4368; x_wconf 84' lang='lat' dir='ltr'>For</span> <span class='ocrx_word' id='word_1_317' title='bbox 256 4320 309 4367; x_wconf 89' lang='lat' dir='ltr'>“in</span> <span class='ocrx_word' id='word_1_318' title='bbox 321 4319 397 4368; x_wconf 90' lang='lat' dir='ltr'>dorso</span> <span class='ocrx_word' id='word_1_319' title='bbox 407 4319 487 4382; x_wconf 85' lang='lat' dir='ltr'>hujus</span> <span class='ocrx_word' id='word_1_320' title='bbox 498 4321 603 4370; x_wconf 87' lang='lat' dir='ltr'>rotuli.&#39;’</span> 
     </span>
    </p>
   </div>
   <div class='ocr_carea' id='block_1_15' title="bbox 163 4401 1148 4469">
    <p class='ocr_par' dir='ltr' id='par_1_20' title="bbox 163 4401 1148 4469">
     <span class='ocr_line' id='line_1_38' title="bbox 163 4401 1148 4469; baseline 0.004 -19"><span class='ocrx_word' id='word_1_321' title='bbox 163 4401 174 4432; x_wconf 76' lang='lat'>⁵</span> <span class='ocrx_word' id='word_1_322' title='bbox 191 4401 220 4451; x_wconf 80' lang='lat' dir='ltr'>(l.</span> <span class='ocrx_word' id='word_1_323' title='bbox 233 4401 263 4450; x_wconf 82' lang='lat'>0.</span> <span class='ocrx_word' id='word_1_324' title='bbox 275 4401 402 4464; x_wconf 79' lang='lat' dir='ltr'>Tressury</span> <span class='ocrx_word' id='word_1_325' title='bbox 413 4401 463 4452; x_wconf 82' lang='lat' dir='ltr'>hes</span> <span class='ocrx_word' id='word_1_326' title='bbox 474 4419 490 4452; x_wconf 86' lang='lat' dir='ltr'>a</span> <span class='ocrx_word' id='word_1_327' title='bbox 501 4403 611 4453; x_wconf 87' lang='lat' dir='ltr'>number</span> <span class='ocrx_word' id='word_1_328' title='bbox 623 4404 652 4453; x_wconf 86' lang='lat' dir='ltr'>ol</span> <span class='ocrx_word' id='word_1_329' title='bbox 662 4403 738 4454; x_wconf 89' lang='lat' dir='ltr'>deeds</span> <span class='ocrx_word' id='word_1_330' title='bbox 749 4405 861 4467; x_wconf 80' lang='lat' dir='ltr'>ralating</span> <span class='ocrx_word' id='word_1_331' title='bbox 872 4410 900 4456; x_wconf 87' lang='lat' dir='ltr'>to</span> <span class='ocrx_word' id='word_1_332' title='bbox 913 4406 1005 4457; x_wconf 81' lang='lat' dir='ltr'>Skau&#39;s</span> <span class='ocrx_word' id='word_1_333' title='bbox 1017 4409 1148 4469; x_wconf 85' lang='lat' dir='ltr'>property.</span> 
     </span>
    </p>
   </div>
   <div class='ocr_carea' id='block_1_16' title="bbox 0 0 1602 5120">
    <p class='ocr_par' dir='ltr' id='par_1_21' title="bbox 0 0 1602 5120">
     <span class='ocr_line' id='line_1_39' title="bbox 0 0 1602 5120; baseline 0 0"><span class='ocrx_word' id='word_1_334' title='bbox 0 0 1602 5120; x_wconf 95' lang='lat' dir='ltr'> </span> 
     </span>
    </p>
   </div>
  </div>
 </body>
</html>
