3194 5120
551 418 589 466 sn
611 379 738 464 ninn’s
760 419 852 469 nnn.

116 571 208 626 Alicin
220 590 292 627 uxor
304 573 427 628 Simonis
439 573 474 628 ds
487 573 617 627 Rsihnm.

115 660 208 714 Alicia
220 661 247 714 le
261 660 342 716 Dear.

116 747 188 802 Hen.
203 749 231 802 le
243 749 381 819 plowrith.

115 836 182 906 Rog.
196 835 224 890 ls
237 836 492 907 †Wallsm0nger†.

114 922 132 976 J
134 923 178 976 oh.
193 923 229 978 de
243 924 336 978 Holm.

115 1011 238 1066 Matilda
250 1011 285 1066 de
298 1013 433 1084 Bspham.

115 1099 132 1152 J
134 1100 179 1153 oh.
193 1100 220 1153 le
234 1100 351 1170 Rydere.

116 1189 241 1243 Mariaba
255 1190 341 1260 Pylet.

115 1276 144 1348 [a
156 1278 215 1331 line
227 1277 336 1349 erased]

115 1363 133 1417 J
134 1363 179 1418 oh.
194 1365 305 1436 Fyksis.

116 1450 278 1521 Marganeta
290 1453 399 1522 Tuylet.

116 1537 145 1610 [2
157 1539 232 1593 lines
244 1539 353 1612 erased]

116 1632 146 1681 st
159 1627 281 1696 Agnetis
293 1629 387 1683 uxoris
398 1629 466 1699 ojus.

117 1715 176 1769 Ric.
191 1714 226 1768 de
239 1715 377 1770 Collhulle
389 1717 512 1772 clericus

118 1804 173 1856 Pro
185 1804 281 1858 anima
294 1805 393 1860 Emme
406 1805 540 1862 Outlnwe.

116 1891 246 1946 Alfridus
258 1892 284 1946 le
297 1892 409 1947 Baikor.

116 1979 187 2032 1Ρι·ο
199 1980 295 2034 anima
307 1981 415 2035 Thome
427 1981 461 2036 ds
475 1981 637 2052 Tiryngton.

118 2066 173 2118 Pro
185 2067 281 2120 anima
294 2066 393 2122 Dulcis
404 2067 440 2122 ds
452 2068 594 2139 Depyngg.

11 2151 13 2162 ’
118 2153 188 2209 nob.
202 2154 404 2226 demdbmgn

117 2242 192 2297 Hsn.
206 2242 241 2296 de
255 2241 372 2296 Brouns.

118 2331 172 2384 Pro
184 2330 281 2384 anima
293 2329 409 2385 Roberti
422 2330 508 2386 Olsrc.
549 2359 555 2388 ι

117 2418 173 2471 Pro
185 2418 212 2472 le
225 2417 389 2474 Mostnrder.

117 2506 193 2560 Will.
208 2506 243 2560 de
256 2506 457 2562 Mendlssham

118 2595 174 2648 Pro
186 2595 281 2648 anima
294 2593 407 2649 Mabilie
420 2594 455 2649 de
467 2595 601 2666 Sondsys.

11 2745 12 2750 ἵ
118 2683 174 2736 Pro
186 2683 281 2737 anima
294 2683 401 2737 Thoms
413 2682 448 2738 de
460 2683 547 2738 Elms

119 2770 174 2822 Pro
186 2769 282 2823 anima
294 2769 312 2822 J
314 2769 433 2823 ohannis
444 2769 480 2824 de
492 2769 614 2841 Silkeby.

118 2857 174 2910 Pro
185 2856 281 2910 anima
292 2856 382 2911 Alicio
394 2855 456 2912 Siis.

11 2953 12 2956 ’
118 2946 174 2998 Pro
186 2945 281 2999 anima
293 2945 383 2999 Alicio
395 2945 540 3003 Shsrman.

118 3033 188 3087 Tho,
202 3032 237 3087 de
250 3032 403 3111 Gnaunfeld

116 3126 148 3176 st
161 3121 250 3175 Elena
261 3137 331 3175 uxor
342 3120 410 3190 ejus.

118 3209 174 3262 Pro
185 3209 281 3263 anima
293 3207 411 3263 Maiilde
423 3209 458 3262 de
472 3209 609 3280 Pikering.

118 3298 173 3350 Pro
185 3297 281 3350 anima
292 3296 310 3350 J
312 3297 422 3351 ohanne
434 3297 625 3352 Bradenhach.

119 3386 173 3438 Pro
185 3385 281 3438 anima
294 3385 406 3439 Ricardi
419 3386 609 3441 Pochlintone.

11 3493 13 3530 ὲ
118 3475 172 3528 Pro
184 3474 281 3527 anima
293 3467 440 3529 Laureneii
453 3474 571 3530 Piston&

118 3563 172 3616 Pro
184 3563 281 3616 anima
293 3561 423 3617 Edwardi
435 3562 470 3618 ds
482 3562 658 3618 Wesenhnm.

118 3651 171 3704 Pro
184 3650 280 3704 anima
292 3650 399 3704 Thome
412 3651 616 3706 Molendinarii.

117 3739 187 3794 Tho.
202 3739 354 3809 Purtraysr
366 3739 465 3793 senior.

117 3829 177 3884 Nic.
195 3828 337 3882 Laurenoe
349 3827 385 3882 de
396 3827 557 3898 Stebbingg.

117 3915 238 3985 Agnetis
251 3915 345 3968 uxoris
357 3914 425 3985 ejus.

116 4003 134 4056 J
136 4003 257 4058 ohannis
270 4002 411 4056 Laurence
423 4001 458 4056 de
470 4002 630 4073 Stsbbingg.

117 4092 135 4146 J
137 4091 259 4146 ohannis
271 4090 395 4145 Andron

728 573 843 629 Robsrti
857 576 1004 630 Tavsrner.

726 660 845 731 Agnetis
857 663 951 717 uxoris
964 662 1032 734 ejus.

726 767 776 820 pro
788 750 883 804 anima
895 750 985 804 Alicio
997 749 1032 804 ds
1044 749 1153 804 Sotion.

725 854 776 906 pro
785 836 880 891 anima
889 836 1028 891 ‚Iohannis
1037 835 1054 890 J
1057 836 1175 906 oschym
1184 834 1281 906 Capel-

796 925 861 979 lani.

727 1015 827 1068 Petrus
839 1013 873 1068 de
886 1013 1087 1069 Bodekssham.

725 1117 776 1170 pro
788 1100 883 1154 anima
896 1099 1014 1154 Galfridi
1027 1098 1062 1153 ds
1074 1099 1156 1170 Hely.

726 1187 866 1241 Robertus
878 1187 913 1242 ds
925 1186 1121 1240 Oumbsrtons

726 1277 779 1330 Pro
791 1277 887 1330 anima
899 1276 916 1330 J
918 1275 1038 1329 ohannis
1051 1275 1130 1330 Pawe
1139 1274 1267 1346 junioris

724 1382 776 1436 pro
788 1365 883 1419 anima
896 1363 1044 1418 Laurencii
1057 1363 1161 1418 Piston.

725 1469 775 1523 pro
784 1452 880 1506 anima
889 1450 1025 1505 Katerino
1032 1450 1127 1505 uxoris
1135 1448 1281 1504 Lnursnoii

796 1539 901 1594 Piston

724 1646 775 1700 pro
787 1629 882 1683 anima
895 1629 913 1684 J
914 1628 1034 1683 ohannis
1046 1627 1081 1681 de
1094 1626 1261 1681 Hardliston

724 1721 754 1771 et
766 1717 886 1786 Agnetis
898 1717 992 1770 uxoris
1005 1717 1072 1786 ejus.

724 1823 775 1875 pro
787 1805 883 1860 anima
894 1805 956 1860 Ado
968 1805 994 1858 le
1007 1804 1132 1859 Fermori

724 1898 754 1946 st
766 1893 903 1962 Mnrgerie
915 1892 1010 1946 uxoris
1021 1892 1089 1962 ejus

725 1999 775 2052 pro
799 1981 894 2035 anima
919 1980 1052 2035 willelmi
1076 1980 1111 2035 de
1132 1979 1210 2034 Burh
1232 1995 1280 2033 an·

796 2068 901 2124 conen.

725 2156 898 2227 pro·anima
921 2155 1019 2210 Avisio
1043 2155 1137 2209 uxoris
1161 2154 1280 2225 predicti

796 2243 937 2298 willelmi.

725 2348 775 2402 pro
786 2332 882 2385 anima
894 2331 1017 2386 Simonis
1029 2330 1064 2386 ds
1076 2329 1216 2385 Sleffords

725 2418 788 2473 Joh.
803 2419 917 2474 Karlisl.

726 2507 883 2579 Rysburgh.

725 2613 776 2666 pro
794 2595 943 2650 animabus
962 2594 1077 2649 Hsnrici
1099 2594 1207 2648 Senicls
1227 2592 1280 2665 [st]

796 2684 891 2738 uxoris
902 2681 970 2754 ejus,

725 2777 755 2826 et
766 2789 817 2843 pro
829 2773 925 2826 anima
936 2772 954 2826 J
956 2771 1066 2825 ohanne
1078 2769 1156 2823 Brise

725 2865 755 2914 et
767 2861 868 2915 Emms
880 2860 915 2914 de
927 2859 1040 2914 Oolvils

725 2947 800 3002 Will.
814 2947 909 3001 'ruliet
920 2950 950 3000 et
963 2946 1127 3016 Margareis.

726 3035 835 3090 Helena
848 3035 873 3088 le
884 3033 1026 3105 gyrdelsrs

725 3129 754 3178 et
766 3124 876 3178 Alanus
888 3122 970 3177 Child

725 3214 754 3264 et
767 3209 894 3265 Milisent
906 3227 976 3264 uxor
987 3208 1054 3279 ejus

726 3297 845 3352 Matilda
858 3315 928 3352 uxor
939 3297 1008 3368 'ejus

725 3404 775 3458 pro
787 3388 883 3441 anima
894 3385 1028 3440 Willelmi
1041 3384 1137 3440 Tuliet

725 3479 754 3528 et
775 3492 825 3545 pro
848 3474 944 3528 anima
963 3473 1054 3527 Alicio
1078 3469 1162 3527 child
1186 3473 1281 3526 uxoris

796 3580 863 3633 ejus.

727 3652 780 3705 Pro
792 3650 955 3705 anima...de
967 3650 1115 3705 Oaldecote
1127 3647 1272 3719 capellani.

725 3739 867 3794 Walterus
880 3739 1003 3810 Gervsys

726 3834 754 3883 ei
767 3829 858 3883 Alicia
870 3845 939 3881 uxor
951 3827 1019 3897 ejus.

725 3922 755 3971 et
767 3916 896 3986 Magistn'
910 3914 1025 3969 Roberti
1037 3913 1072 3968 de
1085 3912 1201 3982 Burght.

726 4004 793 4074 Rng.
806 4003 842 4058 de
853 4002 1024 4071 Wsllington

725 4094 755 4146 et
766 4091 858 4145 Alicia
869 4106 939 4144 uxor
950 4089 1017 4159 ejus.

168 4238 175 4268 ¹
194 4236 278 4286 These
289 4251 382 4287 names
393 4236 459 4286 have
471 4237 536 4287 been
549 4237 677 4287 mribbled
688 4237 717 4286 in
729 4240 757 4287 st
769 4236 814 4286 the
826 4235 881 4285 side
892 4235 920 4284 oi
931 4234 977 4285 the
988 4235 1080 4286 earlier
1091 4235 1144 4285 list.

165 4317 177 4350 ²
193 4317 311 4381 Perhaps
329 4333 346 4368 s
364 4318 455 4368 mahen
473 4319 500 4368 of
519 4319 613 4368 saints'
630 4319 744 4368 bannens
765 4321 792 4366 to
811 4317 843 4367 be
862 4316 961 4367 carried
979 4317 1007 4366 in
1027 4317 1196 4380 processione.
1234 4318 1281 4369 See

116 4401 259 4464 Godeiroy,
278 4415 329 4450 sv.
347 4400 441 4459 imino,
459 4414 567 4450 ancone.

1106 4534 1191 4593 2-2
