3194 5120
763 424 967 474 effluamus
989 423 1098 474 GILDS.

757 729 877 794 sunu
900 693 1044 794 eorus
1067 727 1099 792 A

412 901 570 985 [Written
585 923 628 964 on
643 925 663 964 a
678 900 784 987 single
799 899 988 965 membrane
1006 899 1192 984 measuring
1214 903 1276 986 35}
1291 898 1405 964 inehes
1419 898 1469 984 by
1486 897 1515 963 7.

345 1005 414 1070 The
437 1007 621 1092 injunction
642 1016 677 1070 to
699 1028 779 1092 pray
800 1005 865 1069 and
887 1003 946 1068 the
967 1003 1024 1069 list
1046 1007 1083 1068 of
1105 1027 1218 1069 names
1239 1027 1295 1068 are
1320 1005 1455 1068 written
1479 1004 1515 1066 in

344 1110 573 1176 ecclesiastieal
604 1112 809 1176 minuscules
856 1109 931 1174 Roll
962 1111 990 1174 B
1020 1110 1158 1175 consists
1188 1112 1225 1174 of
1251 1133 1272 1174 a
1300 1109 1357 1173 list
1388 1110 1423 1172 of
1453 1109 1515 1173 the

344 1235 432 1277 same
459 1235 571 1278 names
597 1213 633 1277 in
656 1214 713 1278 the
735 1236 824 1278 same
847 1212 936 1277 hand
959 1211 1053 1276 down
1077 1223 1111 1276 to
1134 1213 1192 1278 the
1214 1234 1311 1276 name
1334 1213 1369 1276 of
1394 1211 1514 1276 Simon

344 1317 513 1382 Godlomb.
559 1318 607 1382 At
634 1317 692 1382 the
719 1317 789 1382 side
816 1340 870 1381 are
897 1315 1034 1380 entered
1061 1317 1096 1380 in
1126 1317 1255 1381 various
1282 1315 1387 1380 hands
1415 1315 1516 1379 other

343 1443 463 1497 names,
479 1421 584 1485 which
599 1422 693 1486 alone
709 1421 792 1485 have
808 1422 891 1485 been
906 1420 1061 1506 printed]

178 1587 326 1676 ffiffii?
409 1576 466 1660 [το]
505 1576 605 1640 Orate
621 1577 735 1640 fratres
751 1584 785 1639 et
800 1598 924 1640 sorores
938 1599 997 1662 pro
1013 1575 1224 1640 aldermanno
1240 1583 1274 1639 et
1290 1573 1514 1638 confratribus
1584 1603 1585 1624 1

178 1682 267 1724 'stiffi
344 1688 378 1743 et
399 1681 559 1744 sororibus
581 1681 669 1765 gilde
692 1680 789 1745 beate
811 1681 914 1746 Marie
938 1680 1151 1768 Cantebrigie
1172 1701 1298 1764 semper
1318 1677 1458 1766 virginis
1479 1689 1515 1748 et
1584 1669 1585 1702 i

343 1805 401 1867 pro
417 1783 568 1847 omnibus
584 1784 850 1876 benefactoribus
861 1784 945 1848 vivis
960 1793 994 1847 et
1010 1782 1181 1847 defunctis.

409 1886 509 1952 Orate
534 1909 591 1971 pro
615 1887 786 1951 animabus
810 1887 1022 1952 fundatorum
1047 1896 1081 1952 et
1108 1885 1343 1952 fundatricium
1367 1884 1514 1948 fratrum

343 1999 377 2054 et
403 2012 548 2054 sororum
574 1998 608 2054 et
635 1991 782 2054 omnium
807 1990 1051 2056 benefactorum
1076 1991 1163 2055 dicte
1188 1989 1276 2075 gilde
1301 1997 1336 2052 et
1358 1987 1513 2052 omnium

342 2094 488 2158 fidelium
504 2092 730 2157 defunctorum
747 2116 886 2179 quorum
902 2095 1036 2158 nomina
1052 2094 1103 2157 hic
1120 2094 1205 2156 infra
1220 2091 1419 2156 scribuntur.

412 2250 497 2305 Reb.¹
508 2250 544 2305 de
556 2248 756 2320 Madingle*ii.

413 2338 526 2409 Hervey
537 2338 564 2392 le
576 2337 724 2408 Ohapman

411 2431 441 2481 et
453 2427 585 2480 Helwisie
598 2426 691 2480 uxoris
703 2425 772 2496 ejus.

411 2517 484 2570 Hen.
498 2514 617 2569 Nado*²

410 2610 440 2660 et
452 2605 588 2659 Beatrieis
601 2604 629 2658 N
630 2603 691 2659 ado,

411 2693 540 2748 Godefrei
552 2693 578 2746 le
592 2692 778 2763 Heyrnonger.

411 2781 477 2851 Rog.
491 2779 526 2834 de
539 2779 707 2834 Fulbourne.

410 2868 502 2923 Aubri
514 2868 608 2922 uxoris
620 2867 687 2937 ejus

411 2957 541 3014 †Mab1i†
554 2955 682 3010 Eldcorn.

411 3046 497 3116 Merg.
513 3043 702 3116 Fyndesilver.

411 3135 429 3190 J
430 3135 474 3189 oh.
488 3135 513 3188 le
526 3134 642 3204 Conper.

411 3223 485 3278 Will.
499 3222 534 3276 de
547 3221 638 3276 Oetes.

410 3312 527 3367 Edeline
538 3311 634 3366 uxoris
646 3309 713 3380 ejus.

411 3402 482 3457 Galf.
496 3401 523 3456 ls
535 3401 675 3471 Harpour.

410 3491 428 3545 J
430 3491 474 3545 oh
487 3491 514 3545 le
526 3489 738 3558 Chesemonger.

410 3580 428 3635 J
429 3579 474 3634 oh.
487 3578 522 3633 de
534 3577 727 3632 Braneketre³.

411 3669 498 3738 Marg.
512 3668 547 3722 de
559 3665 736 3737 Abyngtone

389 3857 399 3890 ¹
416 3857 471 3907 The
482 3870 572 3906 namen
583 3870 628 3904 are
638 3854 667 3904 in
679 3854 725 3904 the
736 3853 856 3917 genitive.

388 3941 399 3972 ²
416 3941 452 3990 Or
463 3938 566 3988 Nadun.
601 3937 632 3988 Τ.
643 3940 667 3987 ἅ
677 3937 707 3988 Β.
721 3952 748 3999 p.
761 3937 817 3986 135.

388 4021 399 4054 ³
415 4021 543 4082 Brangtre
554 4019 583 4068 in
594 4019 654 4069 Roll
665 4018 696 4066 B.

388 4102 399 4134 ⁴
415 4101 536 4151 Alfredus
548 4100 576 4150 in
587 4101 647 4151 Bell
657 4100 688 4149 Β.

388 4183 399 4216 ⁵
414 4183 522 4233 Beatrix
533 4181 607 4235 Nudo
618 4181 700 4232 added
711 4180 740 4230 in
752 4179 812 4230 Roll
823 4180 854 4228 B.

1019 2251 1078 2304 Pet
1091 2249 1118 2303 le
1130 2248 1234 2320 Spieer.

1018 2337 1142 2408 Aufrey⁴
1154 2336 1189 2391 de
1202 2337 1301 2391 Stowe.

1018 2425 1110 2496 Royse
1123 2423 1282 2478 Edmundis
1295 2422 1358 2492 wyi.

1019 2515 1091 2568 Hen.
1105 2513 1141 2568 de
1153 2512 1347 2582 Trippelowe⁵.

1019 2603 1091 2658 Hen.
1105 2601 1140 2656 de
1152 2602 1304 2672 Draytone.

960 2767 964 2772 ἡ
1019 2690 1274 2759 Rob.leSchepe1³.

1017 2779 1136 2850 Agnetis
1149 2779 1243 2833 uxoris
1255 2776 1322 2848 ejus.

1017 2868 1086 2924 Tho.
1100 2867 1235 2922 Outlewe.

1018 2956 1154 3012 Beatrieis
1166 2955 1260 3009 uxoris
1272 2954 1340 3025 ejus

1017 3044 1101 3100 walt.
1115 3045 1142 3098 le
1154 3043 1271 3098 Oeteler.

1017 3134 1077 3189 Rie.
1091 3133 1117 3188 le
1130 3133 1320 3202 Flexmonger.

1017 3223 1104 3292 Marg.
1118 3222 1144 3276 le
1157 3220 1255 3276 Reder.

1017 3311 1163 3366 Abraham
1174 3309 1201 3363 le
1214 3309 1326 3363 Hatter.

1017 3399 1105 3469 Marg.
1119 3397 1214 3452 uxoris
1226 3397 1309 3467 ejus⁰.

1016 3485 1085 3540 Tho.
1100 3484 1214 3556 Elyoth.

1016 3575 1110 3630 Adam
1122 3574 1158 3629 de
1170 3573 1311 3629 Boudone.

1017 3663 1085 3718 Tho.
1098 3662 1125 3716 le
1137 3661 1266 3733 Taylour.

387 4265 398 4296 ⁸
415 4263 481 4314 The.
493 4263 525 4314 de
537 4263 640 4312 Hales's
655 4262 821 4325 predecessor
835 4260 864 4310 in
880 4259 922 4310 his
936 4259 1019 4310 house
1034 4259 1063 4309 in
1075 4258 1181 4322 Trinity
1194 4256 1293 4321 panuh,
1306 4271 1347 4307 see
1357 4257 1508 4322 Appenffix,
1584 4217 1585 4232 i

338 4364 381 4398 no.
400 4349 446 4397 11:
469 4347 537 4396 hliee
554 4344 680 4408 daughter
697 4345 726 4393 of
739 4342 874 4393 Abraham
891 4343 915 4392 le
932 4342 1060 4405 (thapeler
1076 4355 1187 4406 appears
1203 4355 1233 4390 as
1249 4339 1359 4402 holding
1375 4340 1397 4391 it
1415 4341 1443 4390 in
1462 4342 1509 4392 the

337 4430 466 4480 Hundred
483 4429 564 4479 Bolis.
