<?xml version="1.0" encoding="UTF-8"?>
<!DOCTYPE html PUBLIC "-//W3C//DTD XHTML 1.0 Transitional//EN"
    "http://www.w3.org/TR/xhtml1/DTD/xhtml1-transitional.dtd">
<html xmlns="http://www.w3.org/1999/xhtml" xml:lang="en" lang="en">
 <head>
  <title>
</title>
<meta http-equiv="Content-Type" content="text/html;charset=utf-8" />
  <meta name='ocr-system' content='tesseract 3.04.00' />
  <meta name='ocr-capabilities' content='ocr_page ocr_carea ocr_par ocr_line ocrx_word'/>
</head>
<body>
  <div class='ocr_page' id='page_1' title='image "./cambridgegildre00cunngoog_0092.png"; bbox 0 0 3170 5104; ppageno 0'>
   <div class='ocr_carea' id='block_1_1' title="bbox 450 416 1238 480">
    <p class='ocr_par' dir='ltr' id='par_1_1' title="bbox 450 416 1238 480">
     <span class='ocr_line' id='line_1_1' title="bbox 450 416 1238 480; baseline -0.003 0"><span class='ocrx_word' id='word_1_1' title='bbox 450 431 581 480; x_wconf 78' lang='lat' dir='ltr'>comos</span> <span class='ocrx_word' id='word_1_2' title='bbox 604 432 743 480; x_wconf 83' lang='lat' dir='ltr'>onarsrr</span> <span class='ocrx_word' id='word_1_3' title='bbox 766 432 857 480; x_wconf 82' lang='lat' dir='ltr'>orno.</span> <span class='ocrx_word' id='word_1_4' title='bbox 1197 416 1238 478; x_wconf 81' lang='lat'>45</span> 
     </span>
    </p>
   </div>
   <div class='ocr_carea' id='block_1_2' title="bbox 78 585 1240 1403">
    <p class='ocr_par' dir='ltr' id='par_1_2' title="bbox 80 585 1240 882">
     <span class='ocr_line' id='line_1_2' title="bbox 144 585 1240 674; baseline -0.001 -24"><span class='ocrx_word' id='word_1_5' title='bbox 144 587 329 652; x_wconf 87' lang='lat' dir='ltr'>Willelmus</span> <span class='ocrx_word' id='word_1_6' title='bbox 352 589 392 653; x_wconf 90' lang='lat' dir='ltr'>de</span> <span class='ocrx_word' id='word_1_7' title='bbox 417 587 581 674; x_wconf 85' lang='lat' dir='ltr'>Salysberi</span> <span class='ocrx_word' id='word_1_8' title='bbox 602 597 636 652; x_wconf 90' lang='lat' dir='ltr'>et</span> <span class='ocrx_word' id='word_1_9' title='bbox 656 587 679 653; x_wconf 92' lang='lat' dir='ltr'><strong>J</strong></span> <span class='ocrx_word' id='word_1_10' title='bbox 681 589 810 652; x_wconf 88' lang='lat' dir='ltr'>ohanna</span> <span class='ocrx_word' id='word_1_11' title='bbox 829 610 910 652; x_wconf 90' lang='lat' dir='ltr'>uxor</span> <span class='ocrx_word' id='word_1_12' title='bbox 930 587 1002 673; x_wconf 87' lang='lat' dir='ltr'>ejus</span> <span class='ocrx_word' id='word_1_13' title='bbox 1022 595 1057 652; x_wconf 89' lang='lat' dir='ltr'>et</span> <span class='ocrx_word' id='word_1_14' title='bbox 1077 585 1240 672; x_wconf 84' lang='lat' dir='ltr'>Margaria</span> 
     </span>
     <span class='ocr_line' id='line_1_3' title="bbox 82 690 1238 776; baseline -0.001 -21"><span class='ocrx_word' id='word_1_15' title='bbox 82 690 191 776; x_wconf 80' lang='lat' dir='ltr'>Wryte</span> <span class='ocrx_word' id='word_1_16' title='bbox 216 692 426 757; x_wconf 84' lang='lat' dir='ltr'>intraverunt</span> <span class='ocrx_word' id='word_1_17' title='bbox 450 692 690 756; x_wconf 87' lang='lat' dir='ltr'>fraternitatem</span> <span class='ocrx_word' id='word_1_18' title='bbox 715 700 749 756; x_wconf 87' lang='lat' dir='ltr'>et</span> <span class='ocrx_word' id='word_1_19' title='bbox 771 691 934 756; x_wconf 90' lang='lat' dir='ltr'>dederunt</span> <span class='ocrx_word' id='word_1_20' title='bbox 958 691 1131 756; x_wconf 85' lang='lat' dir='ltr'>elemosine</span> <span class='ocrx_word' id='word_1_21' title='bbox 1155 711 1238 754; x_wconf 80' lang='lat' dir='ltr'>xxc.</span> 
     </span>
     <span class='ocr_line' id='line_1_4' title="bbox 80 795 778 882; baseline 0.001 -23"><span class='ocrx_word' id='word_1_22' title='bbox 80 804 111 859; x_wconf 92' lang='lat' dir='ltr'>et</span> <span class='ocrx_word' id='word_1_23' title='bbox 133 795 167 881; x_wconf 89' lang='lat' dir='ltr'>iij</span> <span class='ocrx_word' id='word_1_24' title='bbox 179 797 212 860; x_wconf 91' lang='lat' dir='ltr'>li.</span> <span class='ocrx_word' id='word_1_25' title='bbox 236 819 316 861; x_wconf 90' lang='lat' dir='ltr'>cere.</span> <span class='ocrx_word' id='word_1_26' title='bbox 364 798 418 861; x_wconf 92' lang='lat' dir='ltr'>sol.</span> <span class='ocrx_word' id='word_1_27' title='bbox 443 820 550 861; x_wconf 89' lang='lat' dir='ltr'>ceram</span> <span class='ocrx_word' id='word_1_28' title='bbox 574 797 778 882; x_wconf 77' lang='lat' dir='ltr'>th[esaurie].</span> 
     </span>
    </p>

    <p class='ocr_par' dir='ltr' id='par_1_3' title="bbox 78 899 1240 1403">
     <span class='ocr_line' id='line_1_5' title="bbox 140 899 1240 987; baseline -0.001 -23"><span class='ocrx_word' id='word_1_29' title='bbox 140 900 311 966; x_wconf 86' lang='lat' dir='ltr'>Johannes</span> <span class='ocrx_word' id='word_1_30' title='bbox 328 903 421 987; x_wconf 91' lang='lat' dir='ltr'>Poup</span> <span class='ocrx_word' id='word_1_31' title='bbox 437 902 477 966; x_wconf 89' lang='lat' dir='ltr'>de</span> <span class='ocrx_word' id='word_1_32' title='bbox 494 902 667 966; x_wconf 89' lang='lat' dir='ltr'>Thrillowe</span> <span class='ocrx_word' id='word_1_33' title='bbox 684 902 787 966; x_wconf 88' lang='lat' dir='ltr'>Parva</span> <span class='ocrx_word' id='word_1_34' title='bbox 802 911 836 966; x_wconf 90' lang='lat' dir='ltr'>et</span> <span class='ocrx_word' id='word_1_35' title='bbox 853 902 997 966; x_wconf 86' lang='lat' dir='ltr'>Hemma</span> <span class='ocrx_word' id='word_1_36' title='bbox 1015 923 1096 965; x_wconf 88' lang='lat' dir='ltr'>uxor</span> <span class='ocrx_word' id='word_1_37' title='bbox 1114 899 1186 986; x_wconf 88' lang='lat' dir='ltr'>ejus</span> <span class='ocrx_word' id='word_1_38' title='bbox 1206 906 1240 964; x_wconf 87' lang='lat' dir='ltr'>et</span> 
     </span>
     <span class='ocr_line' id='line_1_6' title="bbox 80 1003 1240 1092; baseline -0.002 -23"><span class='ocrx_word' id='word_1_39' title='bbox 80 1005 179 1070; x_wconf 84' lang='lat' dir='ltr'>Elena</span> <span class='ocrx_word' id='word_1_40' title='bbox 194 1007 362 1090; x_wconf 90' lang='lat' dir='ltr'>quondam</span> <span class='ocrx_word' id='word_1_41' title='bbox 380 1030 459 1072; x_wconf 88' lang='lat' dir='ltr'>uxor</span> <span class='ocrx_word' id='word_1_42' title='bbox 475 1008 546 1092; x_wconf 91' lang='lat' dir='ltr'>ejus</span> <span class='ocrx_word' id='word_1_43' title='bbox 561 1007 768 1071; x_wconf 85' lang='lat' dir='ltr'>intraverunt</span> <span class='ocrx_word' id='word_1_44' title='bbox 780 1006 1020 1071; x_wconf 76' lang='lat' dir='ltr'>fraternitatem</span> <span class='ocrx_word' id='word_1_45' title='bbox 1034 1015 1067 1070; x_wconf 91' lang='lat' dir='ltr'>et</span> <span class='ocrx_word' id='word_1_46' title='bbox 1079 1003 1240 1069; x_wconf 89' lang='lat' dir='ltr'>dederunt</span> 
     </span>
     <span class='ocr_line' id='line_1_7' title="bbox 79 1110 1240 1198; baseline -0.002 -24"><span class='ocrx_word' id='word_1_47' title='bbox 79 1110 250 1176; x_wconf 86' lang='lat' dir='ltr'>elemosine</span> <span class='ocrx_word' id='word_1_48' title='bbox 278 1135 328 1176; x_wconf 91' lang='lat' dir='ltr'>xx.</span> <span class='ocrx_word' id='word_1_49' title='bbox 339 1135 363 1178; x_wconf 84' lang='lat' dir='ltr'>a.</span> <span class='ocrx_word' id='word_1_50' title='bbox 391 1121 425 1176; x_wconf 86' lang='lat' dir='ltr'>et</span> <span class='ocrx_word' id='word_1_51' title='bbox 452 1111 540 1198; x_wconf 84' lang='lat' dir='ltr'>xviij.</span> <span class='ocrx_word' id='word_1_52' title='bbox 552 1112 582 1176; x_wconf 84' lang='lat' dir='ltr'>d.</span> <span class='ocrx_word' id='word_1_53' title='bbox 609 1133 667 1197; x_wconf 89' lang='lat' dir='ltr'>pro</span> <span class='ocrx_word' id='word_1_54' title='bbox 694 1133 775 1176; x_wconf 90' lang='lat' dir='ltr'>cera.</span> <span class='ocrx_word' id='word_1_55' title='bbox 822 1111 875 1176; x_wconf 90' lang='lat' dir='ltr'>sol.</span> <span class='ocrx_word' id='word_1_56' title='bbox 904 1119 1049 1196; x_wconf 89' lang='lat' dir='ltr'>tempore</span> <span class='ocrx_word' id='word_1_57' title='bbox 1076 1110 1240 1192; x_wconf 86' lang='lat' dir='ltr'>ingressus</span> 
     </span>
     <span class='ocr_line' id='line_1_8' title="bbox 78 1211 1239 1301; baseline 0 -25"><span class='ocrx_word' id='word_1_58' title='bbox 78 1237 158 1278; x_wconf 80' lang='lat' dir='ltr'>xxo.</span> <span class='ocrx_word' id='word_1_59' title='bbox 190 1213 377 1280; x_wconf 87' lang='lat' dir='ltr'>thesaurie:</span> <span class='ocrx_word' id='word_1_60' title='bbox 412 1215 534 1278; x_wconf 90' lang='lat' dir='ltr'>debent</span> <span class='ocrx_word' id='word_1_61' title='bbox 564 1215 692 1300; x_wconf 77' lang='lat' dir='ltr'>xviij.d.</span> <span class='ocrx_word' id='word_1_62' title='bbox 720 1237 779 1301; x_wconf 91' lang='lat' dir='ltr'>pro</span> <span class='ocrx_word' id='word_1_63' title='bbox 805 1237 885 1280; x_wconf 82' lang='lat' dir='ltr'>cera</span> <span class='ocrx_word' id='word_1_64' title='bbox 931 1215 986 1278; x_wconf 88' lang='lat' dir='ltr'>sol.</span> <span class='ocrx_word' id='word_1_65' title='bbox 1011 1221 1127 1277; x_wconf 89' lang='lat' dir='ltr'>totum.</span> <span class='ocrx_word' id='word_1_66' title='bbox 1184 1211 1239 1276; x_wconf 92' lang='lat' dir='ltr'>sol.</span> 
     </span>
     <span class='ocr_line' id='line_1_9' title="bbox 78 1317 598 1403; baseline 0.002 -22"><span class='ocrx_word' id='word_1_67' title='bbox 78 1339 179 1382; x_wconf 87' lang='lat' dir='ltr'>ceram</span> <span class='ocrx_word' id='word_1_68' title='bbox 203 1319 332 1384; x_wconf 84' lang='lat' dir='ltr'>Thome</span> <span class='ocrx_word' id='word_1_69' title='bbox 355 1319 396 1382; x_wconf 89' lang='lat' dir='ltr'>de</span> <span class='ocrx_word' id='word_1_70' title='bbox 419 1317 598 1403; x_wconf 83' lang='lat' dir='ltr'>O[ampes].</span> 
     </span>
    </p>
   </div>
   <div class='ocr_carea' id='block_1_3' title="bbox 591 1615 726 1679">
    <p class='ocr_par' dir='ltr' id='par_1_4' title="bbox 591 1615 726 1679">
     <span class='ocr_line' id='line_1_10' title="bbox 591 1615 726 1679; baseline 0 -1"><span class='ocrx_word' id='word_1_71' title='bbox 591 1615 643 1679; x_wconf 91' lang='lat' dir='ltr'>fol.</span> <span class='ocrx_word' id='word_1_72' title='bbox 668 1617 726 1678; x_wconf 70' lang='lat' dir='ltr'>la</span> 
     </span>
    </p>
   </div>
   <div class='ocr_carea' id='block_1_4' title="bbox 76 1786 1393 3955">
    <p class='ocr_par' dir='ltr' id='par_1_5' title="bbox 76 1786 1239 2165">
     <span class='ocr_line' id='line_1_11' title="bbox 138 1786 1239 1872; baseline 0 -22"><span class='ocrx_word' id='word_1_73' title='bbox 138 1787 337 1852; x_wconf 85' lang='lat' dir='ltr'>Edmundus</span> <span class='ocrx_word' id='word_1_74' title='bbox 354 1787 481 1872; x_wconf 85' lang='lat' dir='ltr'>Ovinge</span> <span class='ocrx_word' id='word_1_75' title='bbox 503 1787 544 1850; x_wconf 91' lang='lat' dir='ltr'>de</span> <span class='ocrx_word' id='word_1_76' title='bbox 567 1787 709 1850; x_wconf 89' lang='lat' dir='ltr'>Bertone</span> <span class='ocrx_word' id='word_1_77' title='bbox 731 1795 764 1850; x_wconf 90' lang='lat' dir='ltr'>et</span> <span class='ocrx_word' id='word_1_78' title='bbox 785 1786 892 1850; x_wconf 90' lang='lat' dir='ltr'>Alicia</span> <span class='ocrx_word' id='word_1_79' title='bbox 913 1810 993 1850; x_wconf 87' lang='lat' dir='ltr'>uxor</span> <span class='ocrx_word' id='word_1_80' title='bbox 1014 1787 1093 1872; x_wconf 88' lang='lat' dir='ltr'>ejus,</span> <span class='ocrx_word' id='word_1_81' title='bbox 1115 1787 1239 1851; x_wconf 89' lang='lat' dir='ltr'>Willel-</span> 
     </span>
     <span class='ocr_line' id='line_1_12' title="bbox 78 1890 1239 1977; baseline 0.001 -24"><span class='ocrx_word' id='word_1_82' title='bbox 78 1912 144 1954; x_wconf 90' lang='lat' dir='ltr'>mus</span> <span class='ocrx_word' id='word_1_83' title='bbox 165 1891 207 1955; x_wconf 89' lang='lat' dir='ltr'>de</span> <span class='ocrx_word' id='word_1_84' title='bbox 231 1891 362 1977; x_wconf 89' lang='lat' dir='ltr'>Ovinge</span> <span class='ocrx_word' id='word_1_85' title='bbox 385 1900 418 1954; x_wconf 87' lang='lat' dir='ltr'>et</span> <span class='ocrx_word' id='word_1_86' title='bbox 443 1890 581 1954; x_wconf 85' lang='lat' dir='ltr'>Galiena</span> <span class='ocrx_word' id='word_1_87' title='bbox 602 1913 683 1954; x_wconf 91' lang='lat' dir='ltr'>uxor</span> <span class='ocrx_word' id='word_1_88' title='bbox 703 1891 783 1976; x_wconf 71' lang='lat' dir='ltr'>ejus</span> <span class='ocrx_word' id='word_1_89' title='bbox 805 1897 900 1976; x_wconf 87' lang='lat' dir='ltr'>pater</span> <span class='ocrx_word' id='word_1_90' title='bbox 920 1899 954 1956; x_wconf 87' lang='lat' dir='ltr'>et</span> <span class='ocrx_word' id='word_1_91' title='bbox 975 1899 1080 1954; x_wconf 90' lang='lat' dir='ltr'>mater</span> <span class='ocrx_word' id='word_1_92' title='bbox 1099 1891 1239 1976; x_wconf 82' lang='lat' dir='ltr'>predicti</span> 
     </span>
     <span class='ocr_line' id='line_1_13' title="bbox 76 1994 1237 2081; baseline 0.003 -25"><span class='ocrx_word' id='word_1_93' title='bbox 76 1994 253 2072; x_wconf 83' lang='lat' dir='ltr'>Edmundi‚</span> <span class='ocrx_word' id='word_1_94' title='bbox 276 1995 427 2058; x_wconf 89' lang='lat' dir='ltr'>dominus</span> <span class='ocrx_word' id='word_1_95' title='bbox 452 1995 620 2059; x_wconf 86' lang='lat' dir='ltr'>Johannes</span> <span class='ocrx_word' id='word_1_96' title='bbox 643 1995 684 2058; x_wconf 90' lang='lat' dir='ltr'>de</span> <span class='ocrx_word' id='word_1_97' title='bbox 708 1995 837 2081; x_wconf 88' lang='lat' dir='ltr'>Ovinge</span> <span class='ocrx_word' id='word_1_98' title='bbox 860 1995 1067 2059; x_wconf 90' lang='lat' dir='ltr'>intraverunt</span> <span class='ocrx_word' id='word_1_99' title='bbox 1088 1995 1237 2059; x_wconf 88' lang='lat' dir='ltr'>fraterni-</span> 
     </span>
     <span class='ocr_line' id='line_1_14' title="bbox 77 2097 1236 2165; baseline 0.003 -5"><span class='ocrx_word' id='word_1_100' title='bbox 77 2105 176 2162; x_wconf 83' lang='lat' dir='ltr'>tatem</span> <span class='ocrx_word' id='word_1_101' title='bbox 205 2110 241 2164; x_wconf 89' lang='lat' dir='ltr'>et</span> <span class='ocrx_word' id='word_1_102' title='bbox 268 2097 431 2163; x_wconf 89' lang='lat' dir='ltr'>dederunt</span> <span class='ocrx_word' id='word_1_103' title='bbox 454 2098 630 2162; x_wconf 86' lang='lat' dir='ltr'>elemosine</span> <span class='ocrx_word' id='word_1_104' title='bbox 654 2098 694 2162; x_wconf 89' lang='lat' dir='ltr'>xl.</span> <span class='ocrx_word' id='word_1_105' title='bbox 705 2121 729 2163; x_wconf 84' lang='lat' dir='ltr'>a</span> <span class='ocrx_word' id='word_1_106' title='bbox 752 2105 787 2163; x_wconf 87' lang='lat' dir='ltr'>et</span> <span class='ocrx_word' id='word_1_107' title='bbox 810 2121 925 2163; x_wconf 89' lang='lat' dir='ltr'>ceram.</span> <span class='ocrx_word' id='word_1_108' title='bbox 971 2099 1025 2163; x_wconf 88' lang='lat' dir='ltr'>sol.</span> <span class='ocrx_word' id='word_1_109' title='bbox 1048 2121 1155 2164; x_wconf 91' lang='lat' dir='ltr'>ceram</span> <span class='ocrx_word' id='word_1_110' title='bbox 1178 2099 1236 2165; x_wconf 85' lang='lat' dir='ltr'>Th.</span> 
     </span>
    </p>

    <p class='ocr_par' dir='ltr' id='par_1_6' title="bbox 77 2201 945 2288">
     <span class='ocr_line' id='line_1_15' title="bbox 77 2201 945 2288; baseline 0.005 -22"><span class='ocrx_word' id='word_1_111' title='bbox 77 2201 182 2268; x_wconf 87' lang='lat' dir='ltr'>Soluit</span> <span class='ocrx_word' id='word_1_112' title='bbox 205 2213 316 2268; x_wconf 89' lang='lat' dir='ltr'>totum</span> <span class='ocrx_word' id='word_1_113' title='bbox 340 2203 484 2269; x_wconf 90' lang='lat' dir='ltr'>Henrico</span> <span class='ocrx_word' id='word_1_114' title='bbox 507 2204 548 2268; x_wconf 91' lang='lat' dir='ltr'>de</span> <span class='ocrx_word' id='word_1_115' title='bbox 571 2204 766 2288; x_wconf 87' lang='lat' dir='ltr'>Tangemer¹</span> <span class='ocrx_word' id='word_1_116' title='bbox 789 2204 847 2269; x_wconf 88' lang='lat' dir='ltr'>viz.</span> <span class='ocrx_word' id='word_1_117' title='bbox 871 2205 912 2269; x_wconf 88' lang='lat' dir='ltr'>xl.</span> <span class='ocrx_word' id='word_1_118' title='bbox 922 2227 945 2270; x_wconf 86' lang='lat' dir='ltr'>c.</span> 
     </span>
    </p>

    <p class='ocr_par' dir='ltr' id='par_1_7' title="bbox 76 2307 1236 2498">
     <span class='ocr_line' id='line_1_16' title="bbox 137 2307 1236 2396; baseline 0.001 -24"><span class='ocrx_word' id='word_1_119' title='bbox 137 2307 303 2373; x_wconf 84' lang='lat' dir='ltr'>Dominus</span> <span class='ocrx_word' id='word_1_120' title='bbox 315 2309 480 2374; x_wconf 85' lang='lat' dir='ltr'>Walterus</span> <span class='ocrx_word' id='word_1_121' title='bbox 495 2308 536 2372; x_wconf 92' lang='lat' dir='ltr'>de</span> <span class='ocrx_word' id='word_1_122' title='bbox 554 2309 747 2375; x_wconf 88' lang='lat' dir='ltr'>Secchforde</span> <span class='ocrx_word' id='word_1_123' title='bbox 762 2318 942 2396; x_wconf 89' lang='lat' dir='ltr'>perpetuus</span> <span class='ocrx_word' id='word_1_124' title='bbox 954 2309 1092 2374; x_wconf 89' lang='lat' dir='ltr'>vicarius</span> <span class='ocrx_word' id='word_1_125' title='bbox 1104 2308 1236 2374; x_wconf 82' lang='lat' dir='ltr'>ecclesie</span> 
     </span>
     <span class='ocr_line' id='line_1_17' title="bbox 76 2411 584 2498; baseline 0.008 -26"><span class='ocrx_word' id='word_1_126' title='bbox 76 2412 176 2474; x_wconf 88' lang='lat' dir='ltr'>sancti</span> <span class='ocrx_word' id='word_1_127' title='bbox 191 2411 346 2476; x_wconf 87' lang='lat' dir='ltr'>Edwardi</span> <span class='ocrx_word' id='word_1_128' title='bbox 363 2411 584 2498; x_wconf 78' lang='lat' dir='ltr'>Cantabrigie.</span> 
     </span>
    </p>

    <p class='ocr_par' dir='ltr' id='par_1_8' title="bbox 77 2515 1387 2810">
     <span class='ocr_line' id='line_1_18' title="bbox 140 2515 1368 2604; baseline 0 -25"><span class='ocrx_word' id='word_1_129' title='bbox 140 2515 331 2603; x_wconf 86' lang='lat' dir='ltr'>Stephanus</span> <span class='ocrx_word' id='word_1_130' title='bbox 359 2515 519 2602; x_wconf 86' lang='lat' dir='ltr'>Hoghton</span> <span class='ocrx_word' id='word_1_131' title='bbox 550 2523 584 2580; x_wconf 85' lang='lat' dir='ltr'>et</span> <span class='ocrx_word' id='word_1_132' title='bbox 616 2515 721 2580; x_wconf 84' lang='lat' dir='ltr'>Floria</span> <span class='ocrx_word' id='word_1_133' title='bbox 748 2539 829 2580; x_wconf 91' lang='lat' dir='ltr'>uxor</span> <span class='ocrx_word' id='word_1_134' title='bbox 856 2517 926 2602; x_wconf 88' lang='lat' dir='ltr'>ejus</span> <span class='ocrx_word' id='word_1_135' title='bbox 956 2517 997 2580; x_wconf 90' lang='lat' dir='ltr'>de</span> <span class='ocrx_word' id='word_1_136' title='bbox 1027 2515 1368 2604; x_wconf 53' lang='lat' dir='ltr'>Chesterton²g¹ssggf⁸¹¹</span> 
     </span>
     <span class='ocr_line' id='line_1_19' title="bbox 77 2611 1387 2705; baseline 0.002 -26"><span class='ocrx_word' id='word_1_137' title='bbox 77 2616 283 2685; x_wconf 88' lang='lat' dir='ltr'>intraverunt</span> <span class='ocrx_word' id='word_1_138' title='bbox 308 2619 548 2684; x_wconf 86' lang='lat' dir='ltr'>fraternitatem</span> <span class='ocrx_word' id='word_1_139' title='bbox 576 2627 610 2682; x_wconf 90' lang='lat' dir='ltr'>et</span> <span class='ocrx_word' id='word_1_140' title='bbox 634 2619 795 2684; x_wconf 91' lang='lat' dir='ltr'>dederunt</span> <span class='ocrx_word' id='word_1_141' title='bbox 819 2620 994 2685; x_wconf 85' lang='lat' dir='ltr'>elemosine</span> <span class='ocrx_word' id='word_1_142' title='bbox 1016 2621 1041 2705; x_wconf 89' lang='lat' dir='ltr'>j.</span> <span class='ocrx_word' id='word_1_143' title='bbox 1066 2642 1172 2682; x_wconf 89' lang='lat' dir='ltr'>acram</span> <span class='ocrx_word' id='word_1_144' title='bbox 1196 2611 1387 2700; x_wconf 54' lang='lat' dir='ltr'>de2*1.{l⁵.,¹&#39;(¹32,¹2f0⁸¹</span> 
     </span>
     <span class='ocr_line' id='line_1_20' title="bbox 79 2722 1008 2810; baseline 0.004 -26"><span class='ocrx_word' id='word_1_145' title='bbox 79 2728 163 2787; x_wconf 91' lang='lat' dir='ltr'>terra</span> <span class='ocrx_word' id='word_1_146' title='bbox 186 2723 305 2788; x_wconf 89' lang='lat' dir='ltr'>arabili</span> <span class='ocrx_word' id='word_1_147' title='bbox 327 2722 487 2809; x_wconf 79' lang='lat' dir='ltr'>†jacens†</span> <span class='ocrx_word' id='word_1_148' title='bbox 505 2723 605 2810; x_wconf 87' lang='lat' dir='ltr'>juxta</span> <span class='ocrx_word' id='word_1_149' title='bbox 627 2731 786 2788; x_wconf 80' lang='lat' dir='ltr'>castrum⁸</span> <span class='ocrx_word' id='word_1_150' title='bbox 808 2732 842 2790; x_wconf 88' lang='lat' dir='ltr'>et</span> <span class='ocrx_word' id='word_1_151' title='bbox 864 2726 1008 2810; x_wconf 89' lang='lat' dir='ltr'>c[eram].</span> 
     </span>
    </p>

    <p class='ocr_par' dir='ltr' id='par_1_9' title="bbox 78 2826 1237 3022">
     <span class='ocr_line' id='line_1_21' title="bbox 139 2826 1237 2915; baseline -0.002 -23"><span class='ocrx_word' id='word_1_152' title='bbox 139 2829 310 2893; x_wconf 89' lang='lat' dir='ltr'>Johannes</span> <span class='ocrx_word' id='word_1_153' title='bbox 326 2829 512 2892; x_wconf 85' lang='lat' dir='ltr'>Tamworth</span> <span class='ocrx_word' id='word_1_154' title='bbox 528 2837 563 2892; x_wconf 89' lang='lat' dir='ltr'>et</span> <span class='ocrx_word' id='word_1_155' title='bbox 585 2829 747 2894; x_wconf 84' lang='lat' dir='ltr'>Henricus</span> <span class='ocrx_word' id='word_1_156' title='bbox 770 2838 804 2894; x_wconf 92' lang='lat' dir='ltr'>et</span> <span class='ocrx_word' id='word_1_157' title='bbox 825 2830 963 2894; x_wconf 87' lang='lat' dir='ltr'>Matilda</span> <span class='ocrx_word' id='word_1_158' title='bbox 983 2837 1135 2915; x_wconf 85' lang='lat' dir='ltr'>parentes</span> <span class='ocrx_word' id='word_1_159' title='bbox 1156 2826 1237 2890; x_wconf 86' lang='lat' dir='ltr'>dicti</span> 
     </span>
     <span class='ocr_line' id='line_1_22' title="bbox 78 2931 1052 3022; baseline 0.005 -28"><span class='ocrx_word' id='word_1_160' title='bbox 78 2931 98 2994; x_wconf 93' lang='lat' dir='ltr'><strong>J</strong></span> <span class='ocrx_word' id='word_1_161' title='bbox 100 2933 238 2998; x_wconf 90' lang='lat' dir='ltr'>ohannis</span> <span class='ocrx_word' id='word_1_162' title='bbox 253 2935 459 2998; x_wconf 86' lang='lat' dir='ltr'>intraverunt</span> <span class='ocrx_word' id='word_1_163' title='bbox 475 2935 716 3000; x_wconf 87' lang='lat' dir='ltr'>fraternitatem</span> <span class='ocrx_word' id='word_1_164' title='bbox 733 2937 773 3001; x_wconf 90' lang='lat' dir='ltr'>de</span> <span class='ocrx_word' id='word_1_165' title='bbox 789 2937 897 3022; x_wconf 88' lang='lat' dir='ltr'>gracia</span> <span class='ocrx_word' id='word_1_166' title='bbox 912 2936 1052 3022; x_wconf 88' lang='lat' dir='ltr'>speciali.</span> 
     </span>
    </p>

    <p class='ocr_par' dir='ltr' id='par_1_10' title="bbox 78 3037 1385 3625">
     <span class='ocr_line' id='line_1_23' title="bbox 139 3037 1237 3124; baseline -0.002 -22"><span class='ocrx_word' id='word_1_167' title='bbox 139 3037 309 3102; x_wconf 64' lang='lat' dir='ltr'>«lohannes</span> <span class='ocrx_word' id='word_1_168' title='bbox 344 3039 532 3124; x_wconf 85' lang='lat' dir='ltr'>Spakeman</span> <span class='ocrx_word' id='word_1_169' title='bbox 564 3048 599 3103; x_wconf 91' lang='lat' dir='ltr'>et</span> <span class='ocrx_word' id='word_1_170' title='bbox 629 3040 789 3104; x_wconf 85' lang='lat' dir='ltr'>Katerina</span> <span class='ocrx_word' id='word_1_171' title='bbox 819 3063 900 3104; x_wconf 89' lang='lat' dir='ltr'>uxor</span> <span class='ocrx_word' id='word_1_172' title='bbox 930 3039 1001 3124; x_wconf 90' lang='lat' dir='ltr'>ejus</span> <span class='ocrx_word' id='word_1_173' title='bbox 1030 3039 1237 3102; x_wconf 87' lang='lat' dir='ltr'>intraverunt</span> 
     </span>
     <span class='ocr_line' id='line_1_24' title="bbox 78 3139 1236 3230; baseline 0.004 -29"><span class='ocrx_word' id='word_1_174' title='bbox 78 3139 315 3208; x_wconf 86' lang='lat' dir='ltr'>fraternitatem</span> <span class='ocrx_word' id='word_1_175' title='bbox 342 3153 376 3207; x_wconf 91' lang='lat' dir='ltr'>et</span> <span class='ocrx_word' id='word_1_176' title='bbox 403 3142 565 3206; x_wconf 85' lang='lat' dir='ltr'>dederunt</span> <span class='ocrx_word' id='word_1_177' title='bbox 589 3143 764 3207; x_wconf 89' lang='lat' dir='ltr'>elemosine</span> <span class='ocrx_word' id='word_1_178' title='bbox 787 3144 831 3228; x_wconf 90' lang='lat' dir='ltr'>iij.</span> <span class='ocrx_word' id='word_1_179' title='bbox 844 3145 877 3208; x_wconf 80' lang='lat' dir='ltr'>li.</span> <span class='ocrx_word' id='word_1_180' title='bbox 901 3152 935 3208; x_wconf 87' lang='lat' dir='ltr'>et</span> <span class='ocrx_word' id='word_1_181' title='bbox 959 3144 1011 3230; x_wconf 89' lang='lat' dir='ltr'>xij.</span> <span class='ocrx_word' id='word_1_182' title='bbox 1022 3144 1052 3208; x_wconf 84' lang='lat' dir='ltr'>d.</span> <span class='ocrx_word' id='word_1_183' title='bbox 1076 3166 1133 3228; x_wconf 92' lang='lat' dir='ltr'>pro</span> <span class='ocrx_word' id='word_1_184' title='bbox 1155 3164 1236 3207; x_wconf 87' lang='lat' dir='ltr'>cera.</span> 
     </span>
     <span class='ocr_line' id='line_1_25' title="bbox 79 3245 1236 3334; baseline 0.005 -28"><span class='ocrx_word' id='word_1_185' title='bbox 79 3245 131 3309; x_wconf 91' lang='lat' dir='ltr'>sol.</span> <span class='ocrx_word' id='word_1_186' title='bbox 147 3270 253 3312; x_wconf 88' lang='lat' dir='ltr'>ceram</span> <span class='ocrx_word' id='word_1_187' title='bbox 278 3257 424 3334; x_wconf 89' lang='lat' dir='ltr'>tempore</span> <span class='ocrx_word' id='word_1_188' title='bbox 445 3248 611 3332; x_wconf 87' lang='lat' dir='ltr'>ingressus</span> <span class='ocrx_word' id='word_1_189' title='bbox 634 3248 882 3332; x_wconf 86' lang='lat' dir='ltr'>⁰th[esaurie]⁰:</span> <span class='ocrx_word' id='word_1_190' title='bbox 908 3249 994 3312; x_wconf 88' lang='lat' dir='ltr'>unde</span> <span class='ocrx_word' id='word_1_191' title='bbox 1015 3248 1137 3312; x_wconf 92' lang='lat' dir='ltr'>debent</span> <span class='ocrx_word' id='word_1_192' title='bbox 1157 3247 1191 3334; x_wconf 89' lang='lat' dir='ltr'>iij</span> <span class='ocrx_word' id='word_1_193' title='bbox 1204 3248 1236 3312; x_wconf 78' lang='lat' dir='ltr'>li.</span> 
     </span>
     <span class='ocr_line' id='line_1_26' title="bbox 80 3344 1236 3438; baseline 0.003 -26"><span class='ocrx_word' id='word_1_194' title='bbox 80 3344 253 3436; x_wconf 67' lang='lat' dir='ltr'>’spleggius</span> <span class='ocrx_word' id='word_1_195' title='bbox 268 3351 463 3436; x_wconf 86' lang='lat' dir='ltr'>Radolphus</span> <span class='ocrx_word' id='word_1_196' title='bbox 479 3351 520 3414; x_wconf 92' lang='lat' dir='ltr'>de</span> <span class='ocrx_word' id='word_1_197' title='bbox 543 3351 706 3438; x_wconf 64' lang='lat' dir='ltr'>Wattonls</span> <span class='ocrx_word' id='word_1_198' title='bbox 727 3351 779 3416; x_wconf 87' lang='lat' dir='ltr'>⁰et</span> <span class='ocrx_word' id='word_1_199' title='bbox 799 3353 853 3416; x_wconf 90' lang='lat' dir='ltr'>sol.</span> <span class='ocrx_word' id='word_1_200' title='bbox 877 3376 926 3416; x_wconf 89' lang='lat' dir='ltr'>xx.</span> <span class='ocrx_word' id='word_1_201' title='bbox 937 3375 960 3417; x_wconf 84' lang='lat' dir='ltr'>s.</span> <span class='ocrx_word' id='word_1_202' title='bbox 982 3375 1041 3437; x_wconf 92' lang='lat' dir='ltr'>per</span> <span class='ocrx_word' id='word_1_203' title='bbox 1061 3375 1177 3416; x_wconf 83' lang='lat' dir='ltr'>manus</span> <span class='ocrx_word' id='word_1_204' title='bbox 1198 3353 1236 3415; x_wconf 90' lang='lat' dir='ltr'>R.</span> 
     </span>
     <span class='ocr_line' id='line_1_27' title="bbox 80 3450 1385 3541; baseline 0.003 -27"><span class='ocrx_word' id='word_1_205' title='bbox 80 3450 117 3516; x_wconf 88' lang='lat' dir='ltr'>de</span> <span class='ocrx_word' id='word_1_206' title='bbox 134 3455 269 3520; x_wconf 88' lang='lat' dir='ltr'>Watton</span> <span class='ocrx_word' id='word_1_207' title='bbox 285 3455 449 3520; x_wconf 80' lang='lat' dir='ltr'>Rectoris⁴</span> <span class='ocrx_word' id='word_1_208' title='bbox 469 3465 503 3520; x_wconf 90' lang='lat' dir='ltr'>et</span> <span class='ocrx_word' id='word_1_209' title='bbox 525 3455 569 3519; x_wconf 85' lang='lat' dir='ltr'>sic</span> <span class='ocrx_word' id='word_1_210' title='bbox 592 3454 743 3540; x_wconf 84' lang='lat' dir='ltr'>†debet†</span> <span class='ocrx_word' id='word_1_211' title='bbox 766 3456 841 3520; x_wconf 84' lang='lat' dir='ltr'>xla.</span> <span class='ocrx_word' id='word_1_212' title='bbox 858 3465 892 3520; x_wconf 89' lang='lat' dir='ltr'>et</span> <span class='ocrx_word' id='word_1_213' title='bbox 915 3456 1073 3521; x_wconf 89' lang='lat' dir='ltr'>liberatur</span> <span class='ocrx_word' id='word_1_214' title='bbox 1093 3478 1150 3541; x_wconf 91' lang='lat' dir='ltr'>per</span> <span class='ocrx_word' id='word_1_215' title='bbox 1169 3478 1236 3520; x_wconf 91' lang='lat' dir='ltr'>rec·</span> <span class='ocrx_word' id='word_1_216' title='bbox 1250 3477 1385 3519; x_wconf 65' lang='lat' dir='ltr'>moneas</span> 
     </span>
     <span class='ocr_line' id='line_1_28' title="bbox 80 3560 709 3625; baseline 0.008 -5"><span class='ocrx_word' id='word_1_217' title='bbox 80 3564 179 3624; x_wconf 86' lang='lat' dir='ltr'>torem</span> <span class='ocrx_word' id='word_1_218' title='bbox 197 3561 237 3624; x_wconf 89' lang='lat' dir='ltr'>ad</span> <span class='ocrx_word' id='word_1_219' title='bbox 254 3583 461 3625; x_wconf 89' lang='lat' dir='ltr'>communem</span> <span class='ocrx_word' id='word_1_220' title='bbox 477 3560 592 3624; x_wconf 88' lang='lat' dir='ltr'>cistam</span> <span class='ocrx_word' id='word_1_221' title='bbox 609 3582 658 3624; x_wconf 89' lang='lat' dir='ltr'>xx.</span> <span class='ocrx_word' id='word_1_222' title='bbox 669 3561 709 3625; x_wconf 85' lang='lat' dir='ltr'>a⁰</span> 
     </span>
    </p>

    <p class='ocr_par' dir='ltr' id='par_1_11' title="bbox 80 3664 1393 3955">
     <span class='ocr_line' id='line_1_29' title="bbox 142 3664 1236 3750; baseline 0 -22"><span class='ocrx_word' id='word_1_223' title='bbox 142 3664 323 3728; x_wconf 86' lang='lat' dir='ltr'>Nicholaus</span> <span class='ocrx_word' id='word_1_224' title='bbox 340 3665 478 3728; x_wconf 90' lang='lat' dir='ltr'>Walden</span> <span class='ocrx_word' id='word_1_225' title='bbox 495 3673 530 3729; x_wconf 91' lang='lat' dir='ltr'>et</span> <span class='ocrx_word' id='word_1_226' title='bbox 545 3666 656 3750; x_wconf 84' lang='lat' dir='ltr'>Agnes</span> <span class='ocrx_word' id='word_1_227' title='bbox 672 3687 753 3728; x_wconf 90' lang='lat' dir='ltr'>uxor</span> <span class='ocrx_word' id='word_1_228' title='bbox 768 3664 839 3750; x_wconf 90' lang='lat' dir='ltr'>ejus</span> <span class='ocrx_word' id='word_1_229' title='bbox 860 3664 1064 3728; x_wconf 87' lang='lat' dir='ltr'>intraverunt</span> <span class='ocrx_word' id='word_1_230' title='bbox 1086 3664 1236 3729; x_wconf 84' lang='lat' dir='ltr'>fraterni·</span> 
     </span>
     <span class='ocr_line' id='line_1_30' title="bbox 80 3767 1393 3853; baseline 0.003 -24"><span class='ocrx_word' id='word_1_231' title='bbox 80 3770 179 3830; x_wconf 82' lang='lat' dir='ltr'>tatem</span> <span class='ocrx_word' id='word_1_232' title='bbox 211 3775 245 3830; x_wconf 87' lang='lat' dir='ltr'>et</span> <span class='ocrx_word' id='word_1_233' title='bbox 275 3767 438 3832; x_wconf 91' lang='lat' dir='ltr'>dederunt</span> <span class='ocrx_word' id='word_1_234' title='bbox 469 3768 644 3832; x_wconf 91' lang='lat' dir='ltr'>elemosine</span> <span class='ocrx_word' id='word_1_235' title='bbox 675 3769 756 3832; x_wconf 88' lang='lat' dir='ltr'>duas</span> <span class='ocrx_word' id='word_1_236' title='bbox 787 3791 899 3832; x_wconf 87' lang='lat' dir='ltr'>vaccas</span> <span class='ocrx_word' id='word_1_237' title='bbox 930 3791 1001 3833; x_wconf 90' lang='lat' dir='ltr'>oum</span> <span class='ocrx_word' id='word_1_238' title='bbox 1031 3767 1176 3853; x_wconf 78' lang='lat' dir='ltr'>†firmo†</span> <span class='ocrx_word' id='word_1_239' title='bbox 1203 3780 1237 3832; x_wconf 93' lang='lat' dir='ltr'>et</span> <span class='ocrx_word' id='word_1_240' title='bbox 1250 3786 1393 3828; x_wconf 70' lang='lat' dir='ltr'>errrorem</span> 
     </span>
     <span class='ocr_line' id='line_1_31' title="bbox 83 3867 790 3955; baseline 0.013 -27"><span class='ocrx_word' id='word_1_241' title='bbox 83 3867 172 3952; x_wconf 59' lang='lat' dir='ltr'>xiid.</span> <span class='ocrx_word' id='word_1_242' title='bbox 196 3892 358 3955; x_wconf 88' lang='lat' dir='ltr'>procera.</span> <span class='ocrx_word' id='word_1_243' title='bbox 403 3893 468 3934; x_wconf 88' lang='lat' dir='ltr'>non</span> <span class='ocrx_word' id='word_1_244' title='bbox 492 3873 546 3936; x_wconf 89' lang='lat' dir='ltr'>sol.</span> <span class='ocrx_word' id='word_1_245' title='bbox 571 3894 686 3936; x_wconf 90' lang='lat' dir='ltr'>ceram.</span> <span class='ocrx_word' id='word_1_246' title='bbox 787 3921 790 3926; x_wconf 49' lang='lat'>2</span> 
     </span>
    </p>
   </div>
   <div class='ocr_carea' id='block_1_5' title="bbox 141 3974 1237 4063">
    <p class='ocr_par' dir='ltr' id='par_1_12' title="bbox 141 3974 1237 4063">
     <span class='ocr_line' id='line_1_32' title="bbox 141 3974 1237 4063; baseline 0.005 -26"><span class='ocrx_word' id='word_1_247' title='bbox 141 3974 310 4038; x_wconf 87' lang='lat' dir='ltr'>Johannes</span> <span class='ocrx_word' id='word_1_248' title='bbox 337 3974 477 4040; x_wconf 88' lang='lat' dir='ltr'>Plouver</span> <span class='ocrx_word' id='word_1_249' title='bbox 502 3976 543 4040; x_wconf 89' lang='lat' dir='ltr'>de</span> <span class='ocrx_word' id='word_1_250' title='bbox 567 3975 775 4061; x_wconf 84' lang='lat' dir='ltr'>Fendrayton</span> <span class='ocrx_word' id='word_1_251' title='bbox 798 3985 832 4040; x_wconf 90' lang='lat' dir='ltr'>et</span> <span class='ocrx_word' id='word_1_252' title='bbox 856 3976 1040 4062; x_wconf 86' lang='lat' dir='ltr'>Margareta</span> <span class='ocrx_word' id='word_1_253' title='bbox 1063 4000 1143 4040; x_wconf 90' lang='lat' dir='ltr'>uxor</span> <span class='ocrx_word' id='word_1_254' title='bbox 1166 3978 1237 4063; x_wconf 91' lang='lat' dir='ltr'>ejus</span> 
     </span>
    </p>
   </div>
   <div class='ocr_carea' id='block_1_6' title="bbox 253 4193 1054 4339">
    <p class='ocr_par' dir='ltr' id='par_1_13' title="bbox 253 4193 1054 4339">
     <span class='ocr_line' id='line_1_33' title="bbox 253 4193 1054 4261; baseline 0.004 -15"><span class='ocrx_word' id='word_1_255' title='bbox 253 4193 263 4226; x_wconf 88' lang='lat'>¹</span> <span class='ocrx_word' id='word_1_256' title='bbox 282 4196 329 4246; x_wconf 82' lang='lat' dir='ltr'>See</span> <span class='ocrx_word' id='word_1_257' title='bbox 340 4195 407 4259; x_wconf 81' lang='lat' dir='ltr'>App.</span> <span class='ocrx_word' id='word_1_258' title='bbox 419 4211 475 4246; x_wconf 83' lang='lat' dir='ltr'>nos.</span> <span class='ocrx_word' id='word_1_259' title='bbox 488 4197 529 4255; x_wconf 84' lang='grc'>41,</span> <span class='ocrx_word' id='word_1_260' title='bbox 542 4198 583 4257; x_wconf 77' lang='lat'>42,</span> <span class='ocrx_word' id='word_1_261' title='bbox 595 4199 636 4260; x_wconf 78' lang='lat'>52,</span> <span class='ocrx_word' id='word_1_262' title='bbox 650 4200 690 4257; x_wconf 80' lang='lat'>53,</span> <span class='ocrx_word' id='word_1_263' title='bbox 704 4197 757 4248; x_wconf 88' lang='lat' dir='ltr'>and</span> <span class='ocrx_word' id='word_1_264' title='bbox 769 4197 891 4259; x_wconf 67' lang='lat' dir='ltr'>Mamers,</span> <span class='ocrx_word' id='word_1_265' title='bbox 905 4212 946 4261; x_wconf 87' lang='lat' dir='ltr'>pp.</span> <span class='ocrx_word' id='word_1_266' title='bbox 960 4199 1001 4256; x_wconf 78' lang='lat'>21,</span> <span class='ocrx_word' id='word_1_267' title='bbox 1014 4200 1054 4249; x_wconf 77' lang='lat'>22.</span> 
     </span>
     <span class='ocr_line' id='line_1_34' title="bbox 255 4275 621 4339; baseline 0.008 -14"><span class='ocrx_word' id='word_1_268' title='bbox 255 4275 266 4306; x_wconf 75' lang='lat'>²</span> <span class='ocrx_word' id='word_1_269' title='bbox 282 4276 314 4325; x_wconf 94' lang='lat' dir='ltr'>In</span> <span class='ocrx_word' id='word_1_270' title='bbox 326 4275 372 4326; x_wconf 85' lang='lat' dir='ltr'>the</span> <span class='ocrx_word' id='word_1_271' title='bbox 383 4277 486 4339; x_wconf 84' lang='lat' dir='ltr'>margin</span> <span class='ocrx_word' id='word_1_272' title='bbox 501 4281 516 4305; x_wconf 80' lang='lat'>‘¹</span> <span class='ocrx_word' id='word_1_273' title='bbox 525 4279 621 4328; x_wconf 85' lang='lat' dir='ltr'>Nota.”</span> 
     </span>
    </p>
   </div>
   <div class='ocr_carea' id='block_1_7' title="bbox 256 4359 687 4492">
    <p class='ocr_par' dir='ltr' id='par_1_14' title="bbox 256 4359 687 4492">
     <span class='ocr_line' id='line_1_35' title="bbox 256 4359 516 4411; baseline 0.015 -4"><span class='ocrx_word' id='word_1_274' title='bbox 256 4359 266 4390; x_wconf 88' lang='lat'>³</span> <span class='ocrx_word' id='word_1_275' title='bbox 284 4360 356 4408; x_wconf 90' lang='lat' dir='ltr'>Deed</span> <span class='ocrx_word' id='word_1_276' title='bbox 367 4362 415 4410; x_wconf 81' lang='lat' dir='ltr'>not</span> <span class='ocrx_word' id='word_1_277' title='bbox 426 4361 516 4411; x_wconf 78' lang='lat' dir='ltr'>found.</span> 
     </span>
     <span class='ocr_line' id='line_1_36' title="bbox 256 4439 687 4492; baseline 0.005 -3"><span class='ocrx_word' id='word_1_278' title='bbox 256 4439 268 4470; x_wconf 84' lang='lat'><strong>⁴</strong></span> <span class='ocrx_word' id='word_1_279' title='bbox 284 4440 432 4491; x_wconf 79' lang='lat' dir='ltr'>Elsewhere</span> <span class='ocrx_word' id='word_1_280' title='bbox 443 4441 527 4491; x_wconf 87' lang='lat' dir='ltr'>called</span> <span class='ocrx_word' id='word_1_281' title='bbox 538 4442 687 4492; x_wconf 80' lang='lat' dir='ltr'>Treasurer.</span> 
     </span>
    </p>
   </div>
   <div class='ocr_carea' id='block_1_8' title="bbox 0 0 1594 5104">
    <p class='ocr_par' dir='ltr' id='par_1_15' title="bbox 0 0 1594 5104">
     <span class='ocr_line' id='line_1_37' title="bbox 0 0 1594 5104; baseline 0 0"><span class='ocrx_word' id='word_1_282' title='bbox 0 0 1594 5104; x_wconf 95' lang='lat' dir='ltr'> </span> 
     </span>
    </p>
   </div>
  </div>
 </body>
</html>
