3170 5104
481 409 614 459 comos
636 410 775 460 cnmsrr
797 411 888 460 omn.
1229 397 1270 460 55

175 563 288 650 Agnes
304 564 495 631 Warbelton
511 566 552 631 de
563 567 759 632 'feversham
773 567 872 632 vidua
884 565 1021 631 intravit
1032 566 1270 631 fraternitatem

109 677 145 732 et
160 667 252 733 dedit
272 670 448 736 elemosine
468 671 502 756 ij.
522 693 617 736 marc.
640 680 674 736 et
694 693 819 737 ceram:
841 671 942 736 soluit
959 671 973 756 j
998 693 1092 736 marc.
1113 670 1271 756 Magistro

108 771 234 838 Thome
266 773 335 860 [de]
363 774 505 838 Elteslee
536 784 570 840 et
599 774 687 840 dicto
719 775 873 861 Magistro
903 775 1027 840 Thome
1057 775 1099 840 de
1129 775 1270 840 Elteslee

107 877 211 942 soluit
232 887 346 944 totum.

175 981 363 1068 Margareta
378 1004 459 1046 uxor
474 983 625 1048 (leufridi
641 982 670 1048 le
687 983 777 1048 Oook
793 984 832 1047 de
850 983 945 1048 Ware
965 983 1101 1048 intravit
1121 983 1270 1048 fraterni·

107 1094 212 1150 tatem
228 1095 262 1150 et
276 1086 368 1152 dedit
383 1087 559 1152 elemosine
577 1110 603 1152 v.
613 1109 636 1152 a.
653 1099 687 1152 et
702 1109 828 1153 ceram:
850 1087 979 1174 plegius
994 1087 1015 1152 J
1019 1088 1070 1153 oh.
1087 1087 1210 1172 Hardy.

619 1416 688 1481 leaf
707 1417 767 1481 lb.

12 1667 13 1672 ἵ
174 1581 341 1647 Walterus
362 1582 490 1647 Someri
510 1581 654 1646 serviens
674 1581 799 1646 domini
820 1581 980 1646 Leonelli¹
1001 1580 1136 1646 intravit
1156 1580 1270 1645 frater·

12 1751 13 1764 ¹
108 1686 248 1750 nitatem
264 1710 303 1751 ex
319 1687 427 1771 gracia
442 1685 592 1771 speciali:
611 1686 710 1750 soluit
726 1708 833 1750 ceram
848 1685 993 1750 Johanni
1009 1685 1050 1750 de
1065 1685 1269 1751 Teversham.

173 1790 360 1856 Willelmus
382 1790 495 1876 Ooygn
517 1789 558 1855 de
582 1789 691 1855 Reche
715 1800 749 1854 et
771 1790 957 1877 Margareta
978 1813 1059 1854 uxor
1079 1789 1150 1876 ejus
1170 1789 1269 1854 intra·

106 1904 226 1958 verunt
250 1896 489 1959 fraternitatem
513 1905 547 1958 et
569 1892 731 1958 dederunt
753 1893 930 1959 elemosine
953 1916 996 1956 xx
1004 1916 1028 1958 s.
1049 1901 1084 1958 et
1105 1893 1148 1978 xij
1161 1893 1191 1958 d.
1211 1915 1269 1978 pro

106 2021 187 2064 cera.
233 1997 384 2083 †soluit†
409 2021 515 2063 ceram
541 1998 674 2063 domino
698 1998 843 2063 Jobanni
870 1997 1070 2062 Tenersham
1101 2006 1136 2062 et
1167 1997 1268 2062 habet

107 2102 196 2167 diem
221 2103 290 2188 [ad]
313 2105 434 2169 festum
458 2103 590 2168 Pasche.

172 2206 342 2272 Johannes
366 2207 533 2272 Fulbourn
556 2207 688 2272 baxster
709 2216 744 2271 et
767 2207 953 2291 Margareta
975 2229 1056 2271 uxor
1076 2206 1147 2292 ejus
1167 2206 1268 2270 intra·

106 2323 226 2374 verunt
248 2311 488 2376 fraternitatem
512 2320 547 2375 et
571 2310 732 2375 dederunt
751 2311 927 2376 elemosine
950 2334 992 2374 xx
1002 2333 1025 2376 a.
1047 2320 1081 2376 et
1104 2311 1147 2395 xij
1159 2311 1190 2376 d.
1211 2334 1268 2396 pro

10 2485 11 2490 .
105 2434 187 2478 cera.
233 2414 289 2478 sol.
305 2422 413 2478 totum
430 2422 577 2499 tempore
591 2414 756 2498 ingressus
772 2423 807 2478 et
822 2414 956 2498 ponitur
970 2415 1005 2478 in
1020 2414 1108 2480 cista.

172 2518 338 2584 Robertus
354 2518 555 2606 Baldington
575 2519 616 2584 de
637 2519 771 2584 Kaxton
793 2530 827 2584 et
847 2519 954 2584 Alicio
975 2543 1055 2584 uxor
1075 2519 1146 2606 ejus
1165 2519 1267 2584 intra-

107 2631 226 2686 verunt
247 2624 489 2688 fraternitatem
508 2631 542 2688 et
557 2623 720 2688 dederunt
736 2624 911 2688 elemosine
927 2647 978 2690 xx.
987 2647 1010 2689 s.
1027 2624 1060 2688 in
1077 2633 1147 2690 toto
1162 2635 1197 2690 et
1211 2626 1267 2692 sol.

107 2727 264 2811 Magistro
279 2727 403 2791 Thome
419 2728 460 2792 de
476 2727 611 2792 Eltislee
627 2736 774 2812 tempore
790 2728 971 2812 ingressus:
995 2736 1028 2792 et
1044 2728 1108 2792 fuit
1123 2729 1267 2794 solutum

104 2854 164 2917 pro
180 2833 286 2916 prima
301 2831 464 2896 solucione
480 2832 613 2897 ecclesie
629 2833 670 2896 de
687 2833 903 2898 Grantesetel.

9 2925 10 2930 ἵ
173 2935 353 3020 †Johanna
374 2958 455 2999 uxor
478 2936 628 3023 Magistri
651 2936 811 3001 Johannis
832 2936 872 3000 de
894 2936 1028 3000 Eltislee
1049 2936 1185 3000 intravit
1205 2937 1266 3001 fra-

9 3053 10 3100 l
105 3040 297 3105 ternitatem
314 3051 348 3105 et
363 3041 499 3126 nichill

174 3144 331 3229 Magister
345 3143 513 3208 Johannes
529 3143 569 3208 de
592 3144 726 3210 Eltislee
747 3153 781 3209 et
802 3144 954 3210 Johanna
975 3167 1055 3208 uxor
1075 3143 1145 3230 ejus
1165 3145 1267 3209 intra-

105 3255 224 3310 verunt
239 3247 488 3311 fraternitatem.

174 3350 289 3415 Petrus
318 3351 430 3436 Albyn
460 3359 494 3415 et
524 3374 606 3416 uxor
636 3352 707 3438 ejus
732 3353 939 3417 intraverunt
966 3353 1205 3417 fraternitatem
1233 3361 1267 3418 et

106 3455 267 3518 dederunt
297 3455 471 3519 elemosine
502 3479 552 3520 xx.
562 3478 586 3520 s.
614 3457 646 3518 in
678 3465 748 3520 toto
778 3466 813 3522 et
842 3457 898 3522 sol.
928 3465 1074 3542 tempore
1104 3456 1267 3543 ingressus

106 3557 283 3640 'tdominus
306 3559 500 3642 Johannes†
523 3561 563 3625 de
587 3561 793 3626 Teversham.

172 3664 311 3728 Matilda
341 3663 502 3752 Chaterys
532 3676 661 3731 mortua
691 3675 741 3731 est
771 3665 909 3732 intravit
940 3666 1179 3731 fraternitatem
1210 3666 1264 3731 sol.

9 3803 12 3814 ·
104 3768 180 3832 dim.
205 3791 299 3832 marc.

173 3873 357 3938 Willelmus
387 3874 616 3953 Attecherche,
643 3875 764 3961 Agnes,
796 3875 960 3939 Robertus
990 3874 1165 3939 ⁰Isabella⁰
1196 3873 1265 3938 Ric.

106 3974 184 4040 Rob.
209 3983 244 4039 et
266 3975 434 4040 Johannes
458 3978 577 4042 mortui
599 3978 807 4042 intraverunt
829 3977 1079 4041 fraternitatem.

170 4079 332 4155 Johanna,
364 4079 518 4145 Johanna
547 4091 581 4145 et
612 4080 791 4145 Edwardus
821 4078 1019 4166 tMatildis's
1045 4090 1080 4144 et
1107 4081 1267 4164 Elyanora

105 4183 310 4246 intraverunt
333 4184 572 4248 fraternitatem
596 4194 630 4248 et
654 4185 838 4248 Willelmus
860 4183 996 4248 intravit
1018 4184 1266 4250 fraternitatem.

464 4353 473 4385 1
489 4353 584 4403 Lionel
594 4353 670 4404 Dulre
682 4355 710 4404 of
720 4354 863 4404 Glarenea?

463 4436 474 4467 ²
491 4437 538 4487 See
549 4438 615 4499 App.
628 4437 676 4486 No.
689 4437 729 4486 60.
