3194 5120
310 369 329 434 6
723 385 926 434 csunmncn
948 385 1057 434 omns.

146 557 290 656 gemm
375 539 517 606 Jacobus
541 539 728 606 Godlomb*
750 539 962 625 recongnovit
985 561 1019 604 se
1042 537 1148 604 teneri
1170 545 1277 602 nostre
1299 556 1480 622 congrega·

311 644 396 708 cioni
417 666 473 729 pro
489 645 600 710 debito
621 645 734 709 matris
755 667 812 709 sue
835 645 869 708 in
891 653 963 709 octo
984 643 1104 719 solidis,
1118 641 1166 727 iiij
1179 642 1207 707 d.
1224 641 1265 706 ad
1281 639 1480 707 solvendum

312 748 347 812 in
362 749 444 814 festo
459 748 616 814 Omnium
632 748 827 814 Sanctorum
848 757 882 813 et
904 747 991 814 Will.
1013 746 1054 812 de
1077 747 1182 831 Leges
1204 745 1395 830 manucepit
1415 766 1480 830 pro

313 873 368 917 eo:
414 851 537 919 soluit¹.

147 955 255 1046 ss‘ffi
379 956 450 1021 Nic.
467 957 652 1042 capellanus
667 955 812 1020 reddidit
827 963 1016 1040 compotum
1034 978 1130 1019 suum
1150 954 1191 1020 de
1212 977 1297 1019 anno
1317 951 1481 1040 preterito

313 1069 348 1126 et
370 1062 568 1148 computatis
591 1061 828 1147 computandis,
850 1061 997 1126 allocatis
1023 1059 1208 1136 edocendis,
1231 1067 1362 1124 tenetur
1385 1057 1480 1123 idem

314 1165 465 1230 dominus
482 1167 524 1231 N.
541 1166 582 1230 de
605 1166 690 1230 claro
713 1165 747 1230 in
771 1189 844 1230 xxv.
868 1164 979 1230 solidis
1001 1172 1035 1228 et
1058 1165 1118 1230 κά.
1142 1173 1177 1229 et
1199 1164 1299 1228 habet
1322 1163 1411 1229 diem
1433 1161 1482 1226 ad

314 1267 504 1332 solvendum
520 1267 652 1333 infesto
669 1267 826 1333 Omnium
843 1267 1048 1332 Sanctorum.
1093 1265 1176 1329 Inde
1192 1265 1291 1330 soluit
1306 1263 1358 1348 xvj
1369 1287 1393 1329 s.
1411 1265 1434 1350 ij
1447 1265 1481 1329 d.

150 1379 282 1476 {gffiggf
380 1370 629 1438 consideratum
652 1379 702 1437 est
725 1370 812 1458 quod
833 1369 985 1435 dominus
1008 1369 1080 1436 Nic.
1102 1371 1288 1455 capellanus
1306 1370 1370 1434 erit
1388 1393 1481 1434 sum-

315 1476 455 1541 monitor
474 1476 515 1540 ad
537 1477 809 1541 summouendum
828 1476 944 1540 fratres
967 1484 1001 1540 et
1024 1497 1147 1539 sorores
1170 1483 1279 1539 nostre
1301 1496 1482 1560 congrega-

151 1599 232 1649 reea-
314 1581 415 1646 cionis
431 1580 514 1644 etin
531 1580 595 1644 fine
611 1581 688 1644 anni
705 1581 933 1644 allocabuntur
949 1581 980 1644 ei
994 1579 1059 1644 duo
1075 1578 1177 1644 solidi.

150 1684 298 1820 mallim
381 1681 505 1768 †Hugo
518 1683 673 1769 Godchep
687 1683 786 1748 debet
802 1706 860 1768 pro
876 1683 1078 1748 incremento
1093 1705 1150 1748 suo
1163 1682 1301 1747 duorum
1317 1703 1480 1746 annorum

151 1733 228 1877 ἓξ)
317 1786 469 1852 videlicet
483 1787 557 1872 iiij⁰r
572 1787 690 1852 solidos
705 1797 739 1852 et
755 1810 774 1850 v
791 1787 948 1852 denarios.
995 1787 1078 1852 Inde
1093 1788 1192 1852 soluit
1207 1811 1235 1852 v.
1246 1787 1303 1874 dl

151 1930 303 2020 ffiffitgffln
383 1924 473 2008 [Feb.
491 1929 520 2002 5,
541 1925 640 2008 1305]
687 1925 935 1988 Memorandum
959 1925 1042 2010 quod
1066 1926 1166 1990 tercio
1187 1925 1240 1990 die
1261 1933 1335 2010 post
1358 1926 1482 1990 festum

317 2029 557 2094 Purificacionis
581 2029 676 2094 beate
701 2027 803 2092 Mario
827 2051 911 2091 anno
942 2027 1129 2113 supradicto
1159 2037 1387 2114 computatum
1416 2029 1484 2092 fuit

316 2157 389 2197 cum
407 2132 631 2199 collectoribus
648 2132 765 2196 nostris
787 2144 820 2195 et
841 2132 988 2196 allocatis
1010 2132 1187 2195 allocandis
1208 2141 1357 2197 remanet
1380 2155 1484 2218 penes
1590 2149 1591 2172 *

152 2253 304 2304 nessuuvy
317 2259 370 2302 eos
385 2237 420 2300 in
436 2236 574 2321 pecunia
590 2245 760 2300 numerata
776 2237 809 2299 xl
819 2235 851 2320 ij.
861 2257 883 2298 s.
901 2236 923 2320 ij
935 2235 965 2300 d.
1001 2236 1044 2300 Et
1059 2246 1235 2329 supersunt
1251 2259 1351 2301 xnus.
1369 2237 1423 2302 id.
1438 2236 1483 2300 ad

317 2340 493 2406 levandum
523 2342 564 2406 de
594 2341 728 2406 diversis
755 2340 958 2405 debitoribus
983 2362 1120 2424 quorum
1148 2341 1280 2404 nomina
1306 2349 1484 2404 remanent

318 2468 417 2530 penes
433 2456 558 2511 nostros
573 2447 767 2510 collectores.

154 2640 243 2682 ΜΗ
387 2638 499 2723 [1305]
547 2637 609 2701 Isti
632 2637 813 2700 intrarunt²
835 2635 965 2700 Gildam
988 2635 1083 2700 beate
1107 2635 1211 2700 Marie
1236 2658 1321 2700 anno
1342 2636 1486 2723 J[supra-

319 2741 433 2828 dictols
456 2750 541 2806 xxx0.
557 2742 615 2826 iij0.

385 2848 408 2912 J
410 2847 460 2910 oh.
477 2846 643 2932 Gunnyng
658 2867 715 2930 per
730 2845 829 2909 finem
846 2845 867 2931 ij
886 2853 990 2930 quart.
1007 2845 1114 2910 brasii.

384 2952 407 3016 J
409 2952 459 3016 ob.
475 2951 515 3015 de
532 2949 769 3016 Oomberton⁸*
785 2972 843 3035 per
858 2951 956 3013 finem
973 2949 994 3035 ij
1013 2958 1116 3034 quart.

385 3055 408 3120 J
409 3056 458 3120 oh.
476 3055 516 3119 de
533 3055 601 3118 Lek
618 3077 675 3139 per
691 3054 789 3118 finem
806 3053 827 3138 ij
847 3063 951 3137 quart.

343 3231 345 3236 ,
387 3160 473 3225 Will.
490 3159 531 3223 de
547 3160 713 3223 Barenton
729 3181 787 3244 per
802 3159 900 3223 finem
917 3157 950 3243 ij.
966 3166 1069 3244 quart.

157 3370 276 3419 congrega-
388 3350 476 3434 [Sep.
502 3354 531 3424 5,
555 3348 654 3432 1305]
700 3346 920 3434 Congregacio
944 3347 1040 3413 Gilde
1063 3348 1116 3413 die
1140 3349 1313 3414 Dominica
1335 3351 1486 3435 proxima

155 3418 205 3460 tlon

322 3461 399 3518 ante
420 3453 539 3516 festum
562 3451 759 3515 Natiuitatis
782 3450 878 3515 beate
900 3452 1002 3516 Maria
1023 3452 1160 3538 virginis
1180 3476 1265 3517 anuo
1285 3455 1377 3540 regni
1399 3456 1487 3540 regis
1590 3515 1591 3526 ,

157 3562 310 3662 ffiffigplt
323 3557 474 3622 Edwardi
496 3565 581 3620 xxx0.
598 3557 648 3640 iij⁰
670 3579 735 3642 quo
757 3555 810 3620 die
837 3559 1038 3642 quarterium
1067 3557 1163 3622 brasii
1191 3559 1417 3643 apponebatur
1443 3561 1485 3624 ad

158 3660 217 3702 Μ
323 3664 466 3750 quinque
487 3661 604 3726 solidos
625 3669 659 3724 et
677 3661 878 3746 quarterium
900 3662 988 3726 ordei
1009 3662 1050 3726 ad
1072 3662 1112 3726 xl.
1129 3663 1175 3746 iiij
1188 3663 1217 3727 d.
1234 3671 1268 3726 et
1284 3663 1329 3726 sic
1346 3664 1409 3726 erit
1424 3664 1486 3728 hoc

158 3799 266 3840 raason
323 3791 407 3832 anno
434 3767 672 3830 incrementum
696 3766 870 3851 cujuslibet
896 3766 1054 3851 quarterii
1081 3767 1177 3830 brasii
1201 3767 1255 3851 xvj
1271 3767 1320 3831 d:
1351 3768 1488 3832 nomina

159 3847 215 3888 mm
323 3895 398 3936 vero
414 3871 541 3936 illorum
559 3875 616 3955 qui
632 3869 756 3937 habent
771 3870 889 3934 catalla
909 3869 943 3932 in
961 3871 1109 3934 manibus
1131 3869 1197 3934 suis
1220 3880 1255 3934 et
1275 3871 1333 3956 qui
1351 3893 1486 3957 respon·

324 3976 399 4039 dere
415 3985 570 4039 tenentur
585 3973 625 4038 de
642 3973 850 4037 incrementis
865 3981 944 4036 sunt
959 3973 991 4036 in
1010 3973 1102 4036 dorso
1119 3973 1216 4058 hujus
1234 3974 1370 4039 Retulit

372 4122 382 4154 1
399 4122 464 4171 This
476 4121 546 4171 word
556 4120 638 4170 added
650 4120 678 4168 in
690 4119 801 4170 another
812 4118 893 4168 hand.
928 4119 960 4168 Iu
972 4119 1017 4168 the
1028 4119 1131 4180 margin
1142 4118 1165 4168 is
1177 4117 1282 4170 entered
1295 4119 1431 4171 ‘solutus’

372 4203 383 4236 ²
398 4206 430 4254 In
443 4205 487 4254 the
499 4203 600 4265 margin
612 4203 635 4252 is
646 4201 730 4252 added
742 4203 824 4251 eodem
836 4201 886 4251 dic.

372 4287 383 4319 ³
400 4288 423 4336 A
434 4287 524 4337 holder
535 4287 564 4335 of
573 4285 649 4336 landa
661 4285 689 4334 in
701 4285 745 4334 the
757 4285 869 4334 Eastern
881 4283 976 4334 Fields.
1011 4283 1040 4334 T.
1055 4286 1078 4332 dt
1088 4283 1120 4332 Β.
1132 4298 1156 4347 p.
1173 4285 1227 4336 131.

373 4371 384 4402 ⁴
403 4370 449 4421 See
461 4369 506 4419 the
516 4369 562 4418 list
573 4383 608 4418 on
619 4383 686 4431 paga
698 4369 712 4416 1
722 4382 777 4430 sqq.
