3170 5104
269 419 332 482 100
678 432 881 480 causamme
903 432 1012 481 ornos

101 591 136 676 2⁴„
144 588 247 683 W&
332 590 360 650 4.
406 585 455 651 De
464 584 663 671 pauperibus
677 585 864 652 relevandis.

102 744 253 833 {fflffi
331 740 418 805 Item
446 740 624 804 statuimus
651 749 685 804 et
707 739 893 804 ordinamus
916 739 1003 826 quod
1026 739 1052 802 si
1080 739 1154 823 quis
1177 738 1314 801 fratrum
1338 733 1438 797 dicte

101 839 249 938 Ἢξξξῇξω
267 844 362 908 Gilde
386 851 579 929 paupertate
602 842 774 929 depressus
796 844 838 908 ad
861 845 1004 929 inopiam
1022 843 1164 929 vergerit
1185 840 1308 926 absque
1330 837 1439 922 culpa
1468 877 1471 886 ·

101 935 230 1030 slullfflm
265 969 332 1024 sua,
348 947 483 1012 habebit
504 947 545 1010 de
566 947 661 1011 bonis
681 947 767 1012 dicte
789 947 886 1012 Gilde
908 948 1044 1032 singulis
1066 945 1254 1011 ebdomadis
1276 943 1342 1007 vite
1359 962 1439 1018 sue,

100 1029 227 1166 ἓξὲξ
264 1049 404 1115 durante
427 1073 485 1114 sua
506 1051 624 1136 inopia,
640 1061 764 1136 septem
786 1051 945 1130 denarios,
960 1052 1059 1138 juxta
1079 1049 1374 1116 consideracionem
1399 1053 1438 1109 et

115 1173 252 1261 333quOE
264 1154 436 1219 arbitrium
458 1155 620 1220 dictorum
648 1155 808 1242 Magistri,
831 1156 1138 1232 Aldcrmannorum,
1169 1153 1276 1218 clerici
1306 1160 1341 1216 et
1372 1172 1438 1235 ap-

99 1268 231 1355 ffi‘ffi'
263 1259 414 1344 paritoris
436 1281 473 1322 ac
494 1259 625 1344 majoris
645 1261 748 1345 partis
767 1261 905 1323 fratrum
926 1268 1005 1324 tunc
1020 1258 1235 1344 presencium,
1251 1267 1435 1341 postquam

99 1363 246 1451 ffl‘ssssffl
264 1384 355 1426 suam
385 1362 528 1446 inopiam
560 1363 769 1450 allegaverit3
799 1372 833 1429 et
863 1386 970 1428 coram
998 1363 1094 1428 dictis
1119 1363 1285 1448 Magistro,
1309 1359 1436 1424 Alder-

100 1459 250 1555 perngpbps
265 1470 401 1548 mannis,
416 1470 541 1547 clerieo,
564 1472 749 1556 apparitore
773 1481 806 1537 et
828 1471 950 1556 majore
972 1481 1066 1557 parte
1090 1471 1227 1534 fratrum
1250 1476 1330 1532 tunc
1351 1487 1436 1552 pre·

98 1553 192 1652 {filil
264 1575 409 1639 sensium
425 1574 624 1640 sufficienter
639 1577 785 1641 docuerit
800 1576 840 1640 de
857 1575 970 1640 eadem
987 1575 1073 1661 quod
1090 1575 1132 1640 ab
1147 1574 1204 1638 illo
1219 1581 1367 1657 tempore
1385 1571 1434 1635 ab

264 1679 352 1742 omni
368 1680 569 1764 prestacione
584 1681 757 1745 solucionis
771 1703 880 1745 annue
896 1689 929 1744 et
944 1679 1016 1744 aliis
1031 1679 1134 1764 ipsius
1156 1678 1252 1744 Gilde
1274 1676 1435 1741 oneribus

264 1783 403 1848 durante
418 1805 479 1848 sua
493 1785 604 1869 inopia
619 1786 662 1849 sit
678 1786 817 1870 quietus.
864 1785 907 1848 Et
923 1784 950 1848 si
966 1783 1136 1868 contingat
1151 1783 1262 1868 plures
1276 1781 1317 1845 de
1336 1780 1435 1845 dicta

263 1886 469 1952 fraternitate
491 1887 572 1953 adeo
594 1889 781 1976 indigentes
803 1889 889 1974 quod
913 1888 954 1952 de
977 1888 1092 1952 eadem
1116 1887 1214 1952 Gilda
1233 1885 1348 1950 merito
1370 1883 1434 1948 de-

97 2001 236 2098 ww
262 1990 361 2055 beant
376 1992 521 2071 relevari,
537 2000 617 2056 tunc
632 1994 682 2056 illi
698 2001 824 2078 septem
839 1992 965 2077 denarii
980 1992 1117 2078 singulis
1133 1990 1323 2056 ebdomadis
1338 1990 1435 2053 inter

96 2097 135 2182 lh,
144 2107 245 2184 ,ἵζω
262 2118 316 2160 eos
332 2097 491 2182 equaliter
506 2097 702 2177 dividantur,
715 2097 777 2160 nisi
789 2097 877 2162 dicta
889 2096 1077 2161 fraternitas
1089 2095 1170 2160 adeo
1183 2091 1433 2160 habundaverit

95 2191 247 2288 fflflfflm
261 2198 295 2260 in
316 2197 409 2262 bonis
436 2199 521 2284 quod
543 2200 664 2264 eisdem
688 2199 913 2285 indigentibus
932 2199 972 2263 de
992 2199 1086 2263 bonis
1106 2197 1264 2284 predictis
1289 2195 1431 2260 uberius

96 2285 231 2374 ωὲξζὴξι.
260 2301 381 2386 poterit
408 2303 577 2387 provideri,
603 2326 667 2389 quo
694 2326 770 2368 casu
798 2303 1026 2367 ministrentur
1050 2303 1097 2366 eis
1123 2303 1223 2387 juxta
1250 2301 1431 2365 facultates

95 2333 145 2420 illd
153 2391 214 2421 ”¹⁰¹⁰
261 2403 357 2468 Gilde
373 2405 551 2469 secundum
568 2405 863 2470 consideracionem
879 2414 913 2470 et
932 2405 1107 2469 arbitrium
1129 2403 1291 2491 Magistri,
1307 2401 1430 2466 Alder-

260 2529 463 2584 mannorum,
477 2509 585 2572 clerici
601 2517 634 2574 et
649 2511 852 2595 apparitoris,
869 2533 905 2574 ac
921 2509 1053 2596 majoris
1069 2510 1171 2595 partis
1188 2510 1325 2572 fratrum
1344 2516 1430 2571 tunc

258 2612 461 2694 presencium
478 2634 535 2696 pro
550 2621 623 2675 rata
639 2614 788 2696 porcione
805 2622 838 2677 ct
853 2623 951 2699 prout
966 2615 1118 2678 noverint
1133 2613 1290 2697 indigere.

92 2814 206 2907 gaggi„
324 2819 352 2879 5.
398 2814 447 2878 De
465 2815 639 2900 Capeliano
655 2817 856 2882 celebraturo.

91 2977 225 3064 pptqqnsens
322 2971 409 3034 Item
430 2971 608 3035 statuimus
630 2980 664 3036 et
684 2971 872 3035 ordinamus
892 2972 979 3056 qucd
1001 2973 1041 3036 de
1063 2993 1222 3036 consensu
1244 2972 1428 3035 Raetorum

90 3071 214 3160 ἒξῗξθῗ
255 3075 387 3138 ecclesie
412 3075 508 3138 beate
534 3073 636 3138 Marie
656 3074 755 3158 juxta
779 3074 883 3138 forum
911 3073 1123 3160 Cantabrigie
1150 3076 1367 3140 inveniantur
1390 3077 1428 3139 in

88 3165 225 3298 ffssp'tgw
253 3177 342 3241 dicta
364 3180 498 3243 ecclesia
521 3179 707 3262 sumptibus
728 3178 814 3242 dicte
838 3180 934 3244 Gilda
956 3203 1042 3244 unus
1062 3180 1262 3265 Capellanus
1277 3180 1428 3245 celebra-

89 3260 228 3355 fritilli*
254 3290 348 3345 turus
367 3283 408 3346 ad
428 3284 532 3346 altare
551 3303 650 3367 super
669 3303 825 3367 magnum
847 3283 1000 3348 solarium
1020 3307 1128 3348 coram
1148 3285 1304 3371 ymagine
1320 3284 1429 3348 cruci·

86 3359 228 3490 {goffia
253 3384 310 3446 fixi
326 3385 462 3469 singulis
478 3385 594 3449 diebus
609 3384 697 3448 horis
712 3386 974 3468 competentibus
993 3387 1115 3471 absque
1132 3387 1315 3472 prejudicio
1332 3387 1427 3451 dicte

86 3497 227 3585 ⁰'⁸‘,*{¹31„1
252 3486 394 3564 ecclesie,
410 3496 444 3550 et
464 3507 567 3550 unum
586 3485 817 3549 candelabrum
833 3485 987 3552 decenter
1002 3497 1155 3552 ornatum
1171 3511 1249 3554 cum
1264 3491 1426 3574 ymagine

85 3589 236 3680 ,¹⁰¹3er
251 3590 348 3654 beate
373 3590 476 3653 Maria
502 3589 654 3671 Virginis,
680 3598 769 3652 stans
793 3611 892 3674 super
918 3591 1044 3655 dictum
1072 3594 1238 3672 solarium,
1263 3595 1299 3657 in
1327 3594 1427 3679 cujus

84 3694 181 3774 3¹21,ss
251 3691 442 3754 summitate
463 3689 675 3752 inveniantur
694 3690 797 3774 ipsius
818 3691 914 3755 Gilde
934 3695 1122 3778 sumptibus
1138 3704 1268 3778 septem
1286 3696 1428 3762 candele

83 3778 231 3878 fffgfflffihff’
250 3795 285 3858 in
309 3795 429 3856 honore
453 3793 549 3856 beate
573 3791 677 3854 Maris
700 3792 843 3874 virginis,
861 3815 925 3877 que
948 3795 1085 3879 singulis
1108 3797 1226 3862 diebus
1247 3799 1429 3866 dominicis

82 3873 193 3964 iffniies
249 3908 285 3962 et
300 3897 426 3960 festivis
443 3896 523 3958 dum
539 3904 684 3978 aguntur
704 3894 882 3978 solempnia
902 3897 1046 3975 ardeant,
1063 3900 1223 3984 quamdiu
1245 3903 1429 3970 facultates

81 3969 219 4060 baffi*
248 4002 337 4067 dicte
353 3998 451 4063 Gilde
467 3996 509 4060 ad
526 3996 587 4059 hoc
607 4017 641 4060 se
662 3995 841 4079 optulerint
862 3997 1065 4065 duraturum.
1111 4003 1174 4066 Pro
1195 4003 1429 4072 declaracione

81 4066 233 4166 &⁰3¹¹ss
247 4117 360 4171 tamen
392 4099 553 4186 presentis
583 4097 715 4162 articuli
749 4106 783 4160 et
812 4100 959 4182 proximo
989 4103 1197 4184 precedentis
1227 4119 1342 4174 nostre
1375 4111 1428 4174 in-

78 4161 230 4306 ffiiffigw
246 4203 409 4274 tencionis
424 4201 547 4275 existit,
564 4199 651 4283 quod
667 4200 693 4262 si
710 4199 794 4261 bona
810 4207 844 4262 et
859 4200 977 4263 catalla
992 4203 1080 4268 dicte
1101 4206 1208 4290 Gylde
1229 4210 1265 4272 in
1287 4221 1428 4278 tantum

297 4351 306 4382 ¹
325 4349 401 4398 None
417 4345 447 4395 cf
465 4343 510 4392 the
527 4341 627 4391 churoh
644 4341 743 4390 stands.
780 4341 864 4391 There
880 4357 940 4405 may
957 4344 1022 4395 have
1039 4349 1103 4397 been
1124 4366 1140 4400 a
1161 4352 1256 4416 chapcl
1276 4355 1361 4406 above
1381 4357 1430 4408 the

242 4433 335 4504 porch.
