<?xml version="1.0" encoding="UTF-8"?>
<!DOCTYPE html PUBLIC "-//W3C//DTD XHTML 1.0 Transitional//EN"
    "http://www.w3.org/TR/xhtml1/DTD/xhtml1-transitional.dtd">
<html xmlns="http://www.w3.org/1999/xhtml" xml:lang="en" lang="en">
 <head>
  <title>
</title>
<meta http-equiv="Content-Type" content="text/html;charset=utf-8" />
  <meta name='ocr-system' content='tesseract 3.04.00' />
  <meta name='ocr-capabilities' content='ocr_page ocr_carea ocr_par ocr_line ocrx_word'/>
</head>
<body>
  <div class='ocr_page' id='page_1' title='image "./cambridgegildre00cunngoog_0190.png"; bbox 0 0 3152 5104; ppageno 0'>
   <div class='ocr_carea' id='block_1_1' title="bbox 613 411 1304 475">
    <p class='ocr_par' dir='ltr' id='par_1_1' title="bbox 613 411 1304 475">
     <span class='ocr_line' id='line_1_1' title="bbox 613 411 1304 475; baseline 0.001 -1"><span class='ocrx_word' id='word_1_1' title='bbox 613 427 789 474; x_wconf 70' lang='lat' dir='ltr'>aprunum</span> <span class='ocrx_word' id='word_1_2' title='bbox 814 427 835 475; x_wconf 91' lang='lat'>1.</span> <span class='ocrx_word' id='word_1_3' title='bbox 1240 411 1304 475; x_wconf 76' lang='grc'>113</span> 
     </span>
    </p>
   </div>
   <div class='ocr_carea' id='block_1_2' title="bbox 137 583 1326 2246">
    <p class='ocr_par' dir='ltr' id='par_1_2' title="bbox 137 583 1326 2246">
     <span class='ocr_line' id='line_1_2' title="bbox 142 583 1309 656; baseline 0 -18"><span class='ocrx_word' id='word_1_4' title='bbox 142 583 256 652; x_wconf 82' lang='lat' dir='ltr'>quidem</span> <span class='ocrx_word' id='word_1_5' title='bbox 274 585 441 656; x_wconf 86' lang='lat' dir='ltr'>magistrum</span> <span class='ocrx_word' id='word_1_6' title='bbox 462 585 609 654; x_wconf 81' lang='lat' dir='ltr'>Thomam,</span> <span class='ocrx_word' id='word_1_7' title='bbox 630 586 799 656; x_wconf 87' lang='lat' dir='ltr'>magistrum</span> <span class='ocrx_word' id='word_1_8' title='bbox 818 585 1026 654; x_wconf 90' lang='lat' dir='ltr'>constituimus,</span> <span class='ocrx_word' id='word_1_9' title='bbox 1044 583 1206 640; x_wconf 80' lang='lat' dir='ltr'><strong>ordinamus</strong></span> <span class='ocrx_word' id='word_1_10' title='bbox 1224 589 1254 638; x_wconf 91' lang='lat' dir='ltr'>et</span> <span class='ocrx_word' id='word_1_11' title='bbox 1273 584 1309 638; x_wconf 88' lang='lat' dir='ltr'>ad</span> 
     </span>
     <span class='ocr_line' id='line_1_3' title="bbox 141 671 1309 744; baseline 0.002 -20"><span class='ocrx_word' id='word_1_12' title='bbox 141 671 264 740; x_wconf 84' lang='lat' dir='ltr'>regimen</span> <span class='ocrx_word' id='word_1_13' title='bbox 280 672 382 727; x_wconf 89' lang='lat' dir='ltr'>domus</span> <span class='ocrx_word' id='word_1_14' title='bbox 399 677 494 727; x_wconf 91' lang='lat' dir='ltr'>nostre</span> <span class='ocrx_word' id='word_1_15' title='bbox 510 691 560 728; x_wconf 91' lang='lat' dir='ltr'>seu</span> <span class='ocrx_word' id='word_1_16' title='bbox 576 674 684 744; x_wconf 88' lang='lat' dir='ltr'>collegii</span> <span class='ocrx_word' id='word_1_17' title='bbox 701 672 841 728; x_wconf 80' lang='lat' dir='ltr'>fundandi</span> <span class='ocrx_word' id='word_1_18' title='bbox 858 672 1036 743; x_wconf 75' lang='lat' dir='ltr'>deputamus,</span> <span class='ocrx_word' id='word_1_19' title='bbox 1050 671 1164 727; x_wconf 93' lang='lat' dir='ltr'>domino</span> <span class='ocrx_word' id='word_1_20' title='bbox 1180 671 1309 726; x_wconf 90' lang='lat' dir='ltr'>Johanne</span> 
     </span>
     <span class='ocr_line' id='line_1_4' title="bbox 142 759 1308 830; baseline 0.001 -17"><span class='ocrx_word' id='word_1_21' title='bbox 142 759 275 830; x_wconf 83' lang='lat' dir='ltr'>Raysoun</span> <span class='ocrx_word' id='word_1_22' title='bbox 292 760 327 814; x_wconf 90' lang='lat' dir='ltr'>de</span> <span class='ocrx_word' id='word_1_23' title='bbox 344 759 511 828; x_wconf 85' lang='lat' dir='ltr'>Foulburne,</span> <span class='ocrx_word' id='word_1_24' title='bbox 524 760 639 815; x_wconf 91' lang='lat' dir='ltr'>domino</span> <span class='ocrx_word' id='word_1_25' title='bbox 657 760 767 814; x_wconf 77' lang='lat' dir='ltr'>Thomu</span> <span class='ocrx_word' id='word_1_26' title='bbox 784 759 924 830; x_wconf 87' lang='lat' dir='ltr'>Caumpes</span> <span class='ocrx_word' id='word_1_27' title='bbox 941 759 1095 814; x_wconf 84' lang='lat' dir='ltr'>scolaribus</span> <span class='ocrx_word' id='word_1_28' title='bbox 1109 759 1260 830; x_wconf 86' lang='lat' dir='ltr'>capellanis</span> <span class='ocrx_word' id='word_1_29' title='bbox 1278 759 1308 814; x_wconf 91' lang='grc'>111</span> 
     </span>
     <span class='ocr_line' id='line_1_5' title="bbox 141 845 1309 918; baseline -0.001 -18"><span class='ocrx_word' id='word_1_30' title='bbox 141 847 328 902; x_wconf 67' lang='lat' dir='ltr'>universitate</span> <span class='ocrx_word' id='word_1_31' title='bbox 357 847 553 918; x_wconf 84' lang='lat' dir='ltr'>Cantabriggie</span> <span class='ocrx_word' id='word_1_32' title='bbox 580 847 770 915; x_wconf 74' lang='lat' dir='ltr'>studentibus,</span> <span class='ocrx_word' id='word_1_33' title='bbox 795 847 845 917; x_wconf 90' lang='lat' dir='ltr'>qui</span> <span class='ocrx_word' id='word_1_34' title='bbox 874 849 904 902; x_wconf 91' lang='lat' dir='ltr'>in</span> <span class='ocrx_word' id='word_1_35' title='bbox 934 865 1013 902; x_wconf 88' lang='lat' dir='ltr'>sacra</span> <span class='ocrx_word' id='word_1_36' title='bbox 1041 847 1143 918; x_wconf 87' lang='lat' dir='ltr'>pagine</span> <span class='ocrx_word' id='word_1_37' title='bbox 1171 862 1221 900; x_wconf 90' lang='lat' dir='ltr'>seu</span> <span class='ocrx_word' id='word_1_38' title='bbox 1245 845 1309 916; x_wconf 91' lang='lat' dir='ltr'>jure</span> 
     </span>
     <span class='ocr_line' id='line_1_6' title="bbox 140 934 1308 1006; baseline 0 -18"><span class='ocrx_word' id='word_1_39' title='bbox 140 936 274 989; x_wconf 86' lang='lat' dir='ltr'>canonico</span> <span class='ocrx_word' id='word_1_40' title='bbox 288 936 364 1005; x_wconf 90' lang='lat' dir='ltr'>vigili</span> <span class='ocrx_word' id='word_1_41' title='bbox 383 935 477 990; x_wconf 88' lang='lat' dir='ltr'>studio</span> <span class='ocrx_word' id='word_1_42' title='bbox 494 936 650 1004; x_wconf 70' lang='lat' dir='ltr'>intendent,</span> <span class='ocrx_word' id='word_1_43' title='bbox 664 953 735 1006; x_wconf 89' lang='lat' dir='ltr'>quos</span> <span class='ocrx_word' id='word_1_44' title='bbox 751 935 841 990; x_wconf 88' lang='lat' dir='ltr'>socios</span> <span class='ocrx_word' id='word_1_45' title='bbox 857 939 887 989; x_wconf 91' lang='lat' dir='ltr'>et</span> <span class='ocrx_word' id='word_1_46' title='bbox 902 935 1021 990; x_wconf 78' lang='lat' dir='ltr'>scolares</span> <span class='ocrx_word' id='word_1_47' title='bbox 1038 935 1113 990; x_wconf 88' lang='lat' dir='ltr'>dicte</span> <span class='ocrx_word' id='word_1_48' title='bbox 1128 934 1231 989; x_wconf 92' lang='lat' dir='ltr'>domus</span> <span class='ocrx_word' id='word_1_49' title='bbox 1247 951 1308 989; x_wconf 87' lang='lat' dir='ltr'>esse</span> 
     </span>
     <span class='ocr_line' id='line_1_7' title="bbox 138 1022 1309 1094; baseline 0 -18"><span class='ocrx_word' id='word_1_50' title='bbox 138 1023 281 1093; x_wconf 88' lang='lat' dir='ltr'>volumus,</span> <span class='ocrx_word' id='word_1_51' title='bbox 300 1024 407 1078; x_wconf 81' lang='lat' dir='ltr'>dictam</span> <span class='ocrx_word' id='word_1_52' title='bbox 428 1023 543 1078; x_wconf 91' lang='lat' dir='ltr'>domum</span> <span class='ocrx_word' id='word_1_53' title='bbox 563 1025 593 1078; x_wconf 93' lang='lat' dir='ltr'>iu</span> <span class='ocrx_word' id='word_1_54' title='bbox 613 1024 747 1078; x_wconf 90' lang='lat' dir='ltr'>honorem</span> <span class='ocrx_word' id='word_1_55' title='bbox 766 1022 949 1078; x_wconf 75' lang='lat' dir='ltr'>sacratissimi</span> <span class='ocrx_word' id='word_1_56' title='bbox 971 1022 1094 1094; x_wconf 83' lang='lat' dir='ltr'>corporis</span> <span class='ocrx_word' id='word_1_57' title='bbox 1113 1027 1143 1076; x_wconf 93' lang='lat' dir='ltr'>et</span> <span class='ocrx_word' id='word_1_58' title='bbox 1162 1022 1309 1093; x_wconf 85' lang='lat' dir='ltr'>sanguinis</span> 
     </span>
     <span class='ocr_line' id='line_1_8' title="bbox 139 1109 1307 1182; baseline 0.001 -17"><span class='ocrx_word' id='word_1_59' title='bbox 139 1109 157 1164; x_wconf 89' lang='lat' dir='ltr'><strong>J</strong></span> <span class='ocrx_word' id='word_1_60' title='bbox 158 1111 231 1166; x_wconf 88' lang='grc'><strong>118811</strong></span> <span class='ocrx_word' id='word_1_61' title='bbox 240 1111 348 1166; x_wconf 80' lang='lat' dir='ltr'>Christi</span> <span class='ocrx_word' id='word_1_62' title='bbox 356 1115 386 1166; x_wconf 91' lang='lat' dir='ltr'>et</span> <span class='ocrx_word' id='word_1_63' title='bbox 394 1111 556 1167; x_wconf 89' lang='lat' dir='ltr'>beatissime</span> <span class='ocrx_word' id='word_1_64' title='bbox 565 1112 683 1182; x_wconf 88' lang='lat' dir='ltr'>virginis</span> <span class='ocrx_word' id='word_1_65' title='bbox 694 1111 784 1166; x_wconf 84' lang='lat' dir='ltr'>Maris</span> <span class='ocrx_word' id='word_1_66' title='bbox 793 1111 894 1165; x_wconf 88' lang='lat' dir='ltr'>matris</span> <span class='ocrx_word' id='word_1_67' title='bbox 903 1127 953 1166; x_wconf 87' lang='lat' dir='ltr'>sue</span> <span class='ocrx_word' id='word_1_68' title='bbox 961 1115 991 1165; x_wconf 87' lang='lat' dir='ltr'>et</span> <span class='ocrx_word' id='word_1_69' title='bbox 1002 1111 1128 1166; x_wconf 88' lang='lat' dir='ltr'>omnium</span> <span class='ocrx_word' id='word_1_70' title='bbox 1137 1117 1307 1179; x_wconf 89' lang='lat' dir='ltr'>sanctorum,</span> 
     </span>
     <span class='ocr_line' id='line_1_9' title="bbox 139 1198 1308 1273; baseline 0 -19"><span class='ocrx_word' id='word_1_71' title='bbox 139 1209 168 1254; x_wconf 86' lang='lat' dir='ltr'>et</span> <span class='ocrx_word' id='word_1_72' title='bbox 180 1199 236 1254; x_wconf 85' lang='lat' dir='ltr'>suh</span> <span class='ocrx_word' id='word_1_73' title='bbox 248 1201 386 1272; x_wconf 90' lang='lat' dir='ltr'>premisso</span> <span class='ocrx_word' id='word_1_74' title='bbox 398 1201 511 1256; x_wconf 90' lang='lat' dir='ltr'>nomine</span> <span class='ocrx_word' id='word_1_75' title='bbox 522 1201 657 1273; x_wconf 78' lang='lat' dir='ltr'>predictis</span> <span class='ocrx_word' id='word_1_76' title='bbox 669 1200 779 1255; x_wconf 79' lang='lat' dir='ltr'>Thomu</span> <span class='ocrx_word' id='word_1_77' title='bbox 790 1205 819 1254; x_wconf 87' lang='lat' dir='ltr'>et</span> <span class='ocrx_word' id='word_1_78' title='bbox 831 1198 994 1268; x_wconf 86' lang='lat' dir='ltr'>scolaribus,</span> <span class='ocrx_word' id='word_1_79' title='bbox 1007 1199 1024 1254; x_wconf 87' lang='lat' dir='ltr'><strong>J</strong></span> <span class='ocrx_word' id='word_1_80' title='bbox 1026 1199 1137 1254; x_wconf 87' lang='lat' dir='ltr'>ohanne</span> <span class='ocrx_word' id='word_1_81' title='bbox 1148 1204 1178 1254; x_wconf 90' lang='grc'>81</span> <span class='ocrx_word' id='word_1_82' title='bbox 1190 1199 1308 1270; x_wconf 88' lang='lat' dir='ltr'>Thoma,</span> 
     </span>
     <span class='ocr_line' id='line_1_10' title="bbox 139 1287 1306 1361; baseline -0.001 -18"><span class='ocrx_word' id='word_1_83' title='bbox 139 1288 174 1343; x_wconf 89' lang='lat' dir='ltr'>de</span> <span class='ocrx_word' id='word_1_84' title='bbox 190 1289 279 1360; x_wconf 83' lang='lat' dir='ltr'>plano</span> <span class='ocrx_word' id='word_1_85' title='bbox 294 1290 543 1360; x_wconf 81' lang='lat' dir='ltr'>consentientibus,</span> <span class='ocrx_word' id='word_1_86' title='bbox 556 1292 586 1345; x_wconf 93' lang='lat' dir='ltr'>in</span> <span class='ocrx_word' id='word_1_87' title='bbox 599 1291 725 1361; x_wconf 90' lang='lat' dir='ltr'>ipsorum</span> <span class='ocrx_word' id='word_1_88' title='bbox 742 1289 870 1359; x_wconf 77' lang='lat' dir='ltr'>magistri</span> <span class='ocrx_word' id='word_1_89' title='bbox 888 1293 918 1343; x_wconf 94' lang='lat' dir='ltr'>et</span> <span class='ocrx_word' id='word_1_90' title='bbox 934 1287 1082 1342; x_wconf 84' lang='lat' dir='ltr'>scolarium</span> <span class='ocrx_word' id='word_1_91' title='bbox 1101 1289 1235 1358; x_wconf 88' lang='lat' dir='ltr'>personis,</span> <span class='ocrx_word' id='word_1_92' title='bbox 1252 1289 1306 1343; x_wconf 90' lang='lat' dir='ltr'>ool-</span> 
     </span>
     <span class='ocr_line' id='line_1_11' title="bbox 138 1375 1308 1448; baseline 0.001 -18"><span class='ocrx_word' id='word_1_93' title='bbox 138 1376 246 1447; x_wconf 82' lang='lat' dir='ltr'>legium</span> <span class='ocrx_word' id='word_1_94' title='bbox 258 1378 431 1448; x_wconf 82' lang='lat' dir='ltr'>originaliter</span> <span class='ocrx_word' id='word_1_95' title='bbox 445 1378 572 1444; x_wconf 82' lang='lat' dir='ltr'>facimus,</span> <span class='ocrx_word' id='word_1_96' title='bbox 584 1377 756 1445; x_wconf 85' lang='lat' dir='ltr'>ordinamus,</span> <span class='ocrx_word' id='word_1_97' title='bbox 769 1376 929 1432; x_wconf 89' lang='lat' dir='ltr'>stabilimus</span> <span class='ocrx_word' id='word_1_98' title='bbox 946 1380 976 1430; x_wconf 87' lang='lat' dir='ltr'>et</span> <span class='ocrx_word' id='word_1_99' title='bbox 992 1375 1192 1430; x_wconf 87' lang='lat' dir='ltr'>constituimus</span> <span class='ocrx_word' id='word_1_100' title='bbox 1208 1376 1238 1430; x_wconf 92' lang='lat' dir='ltr'>in</span> <span class='ocrx_word' id='word_1_101' title='bbox 1254 1376 1308 1431; x_wconf 88' lang='lat' dir='ltr'>hac</span> 
     </span>
     <span class='ocr_line' id='line_1_12' title="bbox 137 1464 1309 1537; baseline -0.001 -16"><span class='ocrx_word' id='word_1_102' title='bbox 137 1471 231 1536; x_wconf 85' lang='lat' dir='ltr'>parte,</span> <span class='ocrx_word' id='word_1_103' title='bbox 250 1471 281 1521; x_wconf 89' lang='lat' dir='ltr'>et</span> <span class='ocrx_word' id='word_1_104' title='bbox 298 1466 404 1521; x_wconf 87' lang='lat' dir='ltr'>eisdem</span> <span class='ocrx_word' id='word_1_105' title='bbox 422 1467 556 1537; x_wconf 79' lang='lat' dir='ltr'>magistro</span> <span class='ocrx_word' id='word_1_106' title='bbox 577 1471 607 1521; x_wconf 88' lang='lat' dir='ltr'>et</span> <span class='ocrx_word' id='word_1_107' title='bbox 627 1465 782 1521; x_wconf 84' lang='lat' dir='ltr'>scolaribus</span> <span class='ocrx_word' id='word_1_108' title='bbox 800 1465 892 1520; x_wconf 88' lang='lat' dir='ltr'>locum</span> <span class='ocrx_word' id='word_1_109' title='bbox 910 1464 1099 1519; x_wconf 89' lang='lat' dir='ltr'>habitacionis</span> <span class='ocrx_word' id='word_1_110' title='bbox 1116 1464 1146 1519; x_wconf 93' lang='lat' dir='ltr'>in</span> <span class='ocrx_word' id='word_1_111' title='bbox 1168 1466 1309 1536; x_wconf 74' lang='lat' dir='ltr'>mesuagio</span> 
     </span>
     <span class='ocr_line' id='line_1_13' title="bbox 139 1553 1308 1626; baseline 0.001 -19"><span class='ocrx_word' id='word_1_112' title='bbox 139 1557 240 1608; x_wconf 85' lang='lat' dir='ltr'>nostro</span> <span class='ocrx_word' id='word_1_113' title='bbox 256 1571 322 1608; x_wconf 92' lang='lat' dir='ltr'>cum</span> <span class='ocrx_word' id='word_1_114' title='bbox 338 1554 519 1625; x_wconf 88' lang='lat' dir='ltr'>pertinenciis</span> <span class='ocrx_word' id='word_1_115' title='bbox 535 1555 641 1610; x_wconf 85' lang='lat' dir='ltr'>situeto</span> <span class='ocrx_word' id='word_1_116' title='bbox 657 1555 687 1609; x_wconf 91' lang='lat' dir='ltr'>in</span> <span class='ocrx_word' id='word_1_117' title='bbox 704 1553 836 1626; x_wconf 87' lang='lat' dir='ltr'>parochia</span> <span class='ocrx_word' id='word_1_118' title='bbox 852 1554 1031 1609; x_wconf 89' lang='lat' dir='ltr'>ecclesiarum</span> <span class='ocrx_word' id='word_1_119' title='bbox 1047 1558 1209 1608; x_wconf 85' lang='lat' dir='ltr'>sanctorum</span> <span class='ocrx_word' id='word_1_120' title='bbox 1222 1554 1308 1609; x_wconf 90' lang='lat' dir='ltr'>Bene·</span> 
     </span>
     <span class='ocr_line' id='line_1_14' title="bbox 139 1641 1309 1720; baseline 0 -24"><span class='ocrx_word' id='word_1_121' title='bbox 139 1641 211 1696; x_wconf 89' lang='lat' dir='ltr'>dicti</span> <span class='ocrx_word' id='word_1_122' title='bbox 231 1646 262 1697; x_wconf 88' lang='lat' dir='ltr'>et</span> <span class='ocrx_word' id='word_1_123' title='bbox 283 1643 418 1714; x_wconf 89' lang='lat' dir='ltr'>Botulphi</span> <span class='ocrx_word' id='word_1_124' title='bbox 437 1643 467 1697; x_wconf 93' lang='lat' dir='ltr'>in</span> <span class='ocrx_word' id='word_1_125' title='bbox 490 1643 684 1714; x_wconf 85' lang='lat' dir='ltr'>Lourteburgh</span> <span class='ocrx_word' id='word_1_126' title='bbox 706 1643 769 1698; x_wconf 87' lang='lat' dir='ltr'>lane</span> <span class='ocrx_word' id='word_1_127' title='bbox 791 1642 986 1712; x_wconf 84' lang='lat' dir='ltr'>Centobriggie</span> <span class='ocrx_word' id='word_1_128' title='bbox 1005 1643 1035 1696; x_wconf 92' lang='lat' dir='ltr'>iu</span> <span class='ocrx_word' id='word_1_129' title='bbox 1057 1647 1225 1720; x_wconf 85' lang='lat' dir='ltr'>perpetuum</span> <span class='ocrx_word' id='word_1_130' title='bbox 1246 1659 1309 1697; x_wconf 92' lang='lat' dir='ltr'>oon-</span> 
     </span>
     <span class='ocr_line' id='line_1_15' title="bbox 140 1731 1310 1804; baseline 0.001 -18"><span class='ocrx_word' id='word_1_131' title='bbox 140 1731 270 1786; x_wconf 83' lang='lat' dir='ltr'>cedimus</span> <span class='ocrx_word' id='word_1_132' title='bbox 282 1735 310 1786; x_wconf 84' lang='lat' dir='ltr'>et</span> <span class='ocrx_word' id='word_1_133' title='bbox 326 1733 517 1802; x_wconf 75' lang='lat' dir='ltr'>assignamus3</span> <span class='ocrx_word' id='word_1_134' title='bbox 535 1750 622 1804; x_wconf 88' lang='lat' dir='ltr'>quam</span> <span class='ocrx_word' id='word_1_135' title='bbox 633 1732 749 1803; x_wconf 87' lang='lat' dir='ltr'>quidem</span> <span class='ocrx_word' id='word_1_136' title='bbox 761 1731 877 1788; x_wconf 93' lang='lat' dir='ltr'>domum</span> <span class='ocrx_word' id='word_1_137' title='bbox 890 1733 1040 1788; x_wconf 84' lang='lat' dir='ltr'>scolarium</span> <span class='ocrx_word' id='word_1_138' title='bbox 1057 1731 1187 1803; x_wconf 82' lang='lat' dir='ltr'>Corporis</span> <span class='ocrx_word' id='word_1_139' title='bbox 1204 1731 1310 1788; x_wconf 87' lang='lat' dir='ltr'>Christi</span> 
     </span>
     <span class='ocr_line' id='line_1_16' title="bbox 140 1819 1326 1892; baseline 0.001 -19"><span class='ocrx_word' id='word_1_140' title='bbox 140 1827 170 1873; x_wconf 90' lang='lat' dir='ltr'>et</span> <span class='ocrx_word' id='word_1_141' title='bbox 194 1819 279 1874; x_wconf 83' lang='lat' dir='ltr'>beate</span> <span class='ocrx_word' id='word_1_142' title='bbox 304 1820 393 1874; x_wconf 88' lang='lat' dir='ltr'>Marie</span> <span class='ocrx_word' id='word_1_143' title='bbox 414 1820 608 1892; x_wconf 85' lang='lat' dir='ltr'>Cantabriggie</span> <span class='ocrx_word' id='word_1_144' title='bbox 632 1827 665 1876; x_wconf 92' lang='lat' dir='ltr'>ut</span> <span class='ocrx_word' id='word_1_145' title='bbox 686 1821 827 1892; x_wconf 81' lang='lat' dir='ltr'>prefertur</span> <span class='ocrx_word' id='word_1_146' title='bbox 851 1819 980 1875; x_wconf 87' lang='lat' dir='ltr'>volumus</span> <span class='ocrx_word' id='word_1_147' title='bbox 1004 1819 1212 1891; x_wconf 89' lang='lat' dir='ltr'>imperpetuum</span> <span class='ocrx_word' id='word_1_148' title='bbox 1237 1837 1326 1875; x_wconf 90' lang='lat' dir='ltr'>nun--</span> 
     </span>
     <span class='ocr_line' id='line_1_17' title="bbox 141 1906 1310 1981; baseline 0.003 -20"><span class='ocrx_word' id='word_1_149' title='bbox 141 1907 258 1978; x_wconf 80' lang='lat' dir='ltr'>cupari:</span> <span class='ocrx_word' id='word_1_150' title='bbox 284 1907 392 1962; x_wconf 85' lang='lat' dir='ltr'>Tenere</span> <span class='ocrx_word' id='word_1_151' title='bbox 412 1912 508 1964; x_wconf 80' lang='lat' dir='ltr'>tamen</span> <span class='ocrx_word' id='word_1_152' title='bbox 532 1910 708 1981; x_wconf 87' lang='lat' dir='ltr'>presencium</span> <span class='ocrx_word' id='word_1_153' title='bbox 732 1908 889 1977; x_wconf 88' lang='lat' dir='ltr'>ordinandi,</span> <span class='ocrx_word' id='word_1_154' title='bbox 908 1906 1029 1962; x_wconf 80' lang='lat' dir='ltr'>faciendi</span> <span class='ocrx_word' id='word_1_155' title='bbox 1053 1913 1083 1962; x_wconf 90' lang='lat' dir='ltr'>et</span> <span class='ocrx_word' id='word_1_156' title='bbox 1104 1907 1248 1963; x_wconf 86' lang='lat' dir='ltr'>statuendi</span> <span class='ocrx_word' id='word_1_157' title='bbox 1269 1909 1310 1964; x_wconf 88' lang='lat' dir='ltr'>eis</span> 
     </span>
     <span class='ocr_line' id='line_1_18' title="bbox 140 1995 1310 2067; baseline 0.002 -17"><span class='ocrx_word' id='word_1_158' title='bbox 140 1995 270 2066; x_wconf 76' lang='lat' dir='ltr'>regulum</span> <span class='ocrx_word' id='word_1_159' title='bbox 290 1996 350 2050; x_wconf 86' lang='lat' dir='ltr'>vite</span> <span class='ocrx_word' id='word_1_160' title='bbox 368 1995 512 2052; x_wconf 87' lang='lat' dir='ltr'>scolastice</span> <span class='ocrx_word' id='word_1_161' title='bbox 533 1997 699 2053; x_wconf 85' lang='lat' dir='ltr'>directivam</span> <span class='ocrx_word' id='word_1_162' title='bbox 723 2015 756 2052; x_wconf 90' lang='lat' dir='ltr'>ao</span> <span class='ocrx_word' id='word_1_163' title='bbox 777 2000 887 2052; x_wconf 87' lang='lat' dir='ltr'>statute</span> <span class='ocrx_word' id='word_1_164' title='bbox 906 2013 961 2067; x_wconf 90' lang='lat' dir='ltr'>que</span> <span class='ocrx_word' id='word_1_165' title='bbox 982 1996 1138 2051; x_wconf 82' lang='lat' dir='ltr'>necessaria</span> <span class='ocrx_word' id='word_1_166' title='bbox 1161 1995 1206 2052; x_wconf 86' lang='lat' dir='ltr'>vel</span> <span class='ocrx_word' id='word_1_167' title='bbox 1227 1996 1310 2052; x_wconf 89' lang='lat' dir='ltr'>utilia</span> 
     </span>
     <span class='ocr_line' id='line_1_19' title="bbox 141 2085 1310 2156; baseline 0.003 -18"><span class='ocrx_word' id='word_1_168' title='bbox 141 2102 195 2155; x_wconf 93' lang='lat' dir='ltr'>pro</span> <span class='ocrx_word' id='word_1_169' title='bbox 219 2089 348 2154; x_wconf 85' lang='lat' dir='ltr'>tempore</span> <span class='ocrx_word' id='word_1_170' title='bbox 371 2089 467 2140; x_wconf 87' lang='lat' dir='ltr'>nostre</span> <span class='ocrx_word' id='word_1_171' title='bbox 490 2085 662 2141; x_wconf 87' lang='lat' dir='ltr'>consciencie</span> <span class='ocrx_word' id='word_1_172' title='bbox 689 2085 868 2153; x_wconf 86' lang='lat' dir='ltr'>videbuntur,</span> <span class='ocrx_word' id='word_1_173' title='bbox 891 2089 1061 2156; x_wconf 84' lang='lat' dir='ltr'>potestatem</span> <span class='ocrx_word' id='word_1_174' title='bbox 1085 2086 1166 2140; x_wconf 91' lang='lat' dir='ltr'>nobis</span> <span class='ocrx_word' id='word_1_175' title='bbox 1193 2085 1310 2142; x_wconf 89' lang='lat' dir='ltr'>liberam</span> 
     </span>
     <span class='ocr_line' id='line_1_20' title="bbox 141 2172 1311 2246; baseline 0.002 -18"><span class='ocrx_word' id='word_1_176' title='bbox 141 2189 329 2228; x_wconf 88' lang='lat' dir='ltr'>reservamus.</span> <span class='ocrx_word' id='word_1_177' title='bbox 368 2172 404 2230; x_wconf 88' lang='lat' dir='ltr'>In</span> <span class='ocrx_word' id='word_1_178' title='bbox 420 2173 501 2244; x_wconf 90' lang='lat' dir='ltr'>cujus</span> <span class='ocrx_word' id='word_1_179' title='bbox 517 2175 557 2229; x_wconf 91' lang='lat' dir='ltr'>rei</span> <span class='ocrx_word' id='word_1_180' title='bbox 574 2175 768 2230; x_wconf 88' lang='lat' dir='ltr'>testimonium</span> <span class='ocrx_word' id='word_1_181' title='bbox 786 2175 911 2246; x_wconf 88' lang='lat' dir='ltr'>sigillum</span> <span class='ocrx_word' id='word_1_182' title='bbox 929 2191 1076 2229; x_wconf 87' lang='lat' dir='ltr'>commune</span> <span class='ocrx_word' id='word_1_183' title='bbox 1095 2175 1169 2246; x_wconf 88' lang='lat' dir='ltr'>gilde</span> <span class='ocrx_word' id='word_1_184' title='bbox 1187 2176 1311 2246; x_wconf 86' lang='lat' dir='ltr'>predicte</span> 
     </span>
    </p>
   </div>
   <div class='ocr_carea' id='block_1_3' title="bbox 12 2241 1311 2335">
    <p class='ocr_par' dir='ltr' id='par_1_3' title="bbox 12 2241 1311 2335">
     <span class='ocr_line' id='line_1_21' title="bbox 12 2241 1311 2335; baseline 0.002 -20"><span class='ocrx_word' id='word_1_185' title='bbox 12 2241 13 2250; x_wconf 27' lang='lat'>¹</span> <span class='ocrx_word' id='word_1_186' title='bbox 44 2287 49 2297; x_wconf 89' lang='lat'><strong>·</strong></span> <span class='ocrx_word' id='word_1_187' title='bbox 142 2261 264 2316; x_wconf 82' lang='lat' dir='ltr'>fecimus</span> <span class='ocrx_word' id='word_1_188' title='bbox 281 2259 338 2314; x_wconf 94' lang='lat' dir='ltr'>hiis</span> <span class='ocrx_word' id='word_1_189' title='bbox 354 2263 467 2332; x_wconf 89' lang='lat' dir='ltr'>apponi.</span> <span class='ocrx_word' id='word_1_190' title='bbox 505 2264 612 2319; x_wconf 88' lang='lat' dir='ltr'>Datum</span> <span class='ocrx_word' id='word_1_191' title='bbox 633 2263 708 2335; x_wconf 84' lang='lat' dir='ltr'>apud</span> <span class='ocrx_word' id='word_1_192' title='bbox 731 2262 958 2333; x_wconf 77' lang='lat' dir='ltr'>cantebriggiam</span> <span class='ocrx_word' id='word_1_193' title='bbox 980 2263 1101 2318; x_wconf 85' lang='lat' dir='ltr'>infesto</span> <span class='ocrx_word' id='word_1_194' title='bbox 1119 2263 1146 2318; x_wconf 85' lang='lat' dir='ltr'>S.</span> <span class='ocrx_word' id='word_1_195' title='bbox 1166 2263 1311 2318; x_wconf 91' lang='lat' dir='ltr'>Benedicti</span> 
     </span>
    </p>
   </div>
   <div class='ocr_carea' id='block_1_4' title="bbox 143 2350 427 2408">
    <p class='ocr_par' dir='ltr' id='par_1_4' title="bbox 143 2350 427 2408">
     <span class='ocr_line' id='line_1_22' title="bbox 143 2350 427 2408; baseline 0.014 -4"><span class='ocrx_word' id='word_1_196' title='bbox 143 2350 260 2406; x_wconf 80' lang='lat' dir='ltr'>abbatis</span> <span class='ocrx_word' id='word_1_197' title='bbox 278 2364 334 2405; x_wconf 69' lang='grc'><strong>111).</strong></span> <span class='ocrx_word' id='word_1_198' title='bbox 351 2354 427 2408; x_wconf 87' lang='grc'><strong>1353.</strong></span> 
     </span>
    </p>
   </div>
   <div class='ocr_carea' id='block_1_5' title="bbox 143 2498 1313 3188">
    <p class='ocr_par' dir='ltr' id='par_1_5' title="bbox 143 2498 1313 3188">
     <span class='ocr_line' id='line_1_23' title="bbox 197 2498 1311 2572; baseline 0.002 -18"><span class='ocrx_word' id='word_1_199' title='bbox 197 2500 237 2554; x_wconf 87' lang='grc' dir='ltr'>Ε1</span> <span class='ocrx_word' id='word_1_200' title='bbox 249 2516 301 2553; x_wconf 90' lang='lat' dir='ltr'>nos</span> <span class='ocrx_word' id='word_1_201' title='bbox 313 2498 401 2554; x_wconf 85' lang='lat' dir='ltr'>frater</span> <span class='ocrx_word' id='word_1_202' title='bbox 413 2500 536 2554; x_wconf 87' lang='lat' dir='ltr'>Thomas</span> <span class='ocrx_word' id='word_1_203' title='bbox 548 2500 731 2571; x_wconf 89' lang='lat' dir='ltr'>permissione</span> <span class='ocrx_word' id='word_1_204' title='bbox 742 2500 839 2555; x_wconf 87' lang='lat' dir='ltr'>divina</span> <span class='ocrx_word' id='word_1_205' title='bbox 854 2500 974 2555; x_wconf 85' lang='lat' dir='ltr'>Eliensis</span> <span class='ocrx_word' id='word_1_206' title='bbox 989 2499 1144 2571; x_wconf 87' lang='lat' dir='ltr'>Episcopus</span> <span class='ocrx_word' id='word_1_207' title='bbox 1157 2500 1311 2572; x_wconf 83' lang='lat' dir='ltr'>Collegium</span> 
     </span>
     <span class='ocr_line' id='line_1_24' title="bbox 143 2588 1311 2660; baseline 0.001 -16"><span class='ocrx_word' id='word_1_208' title='bbox 143 2589 297 2644; x_wconf 86' lang='lat' dir='ltr'>scolarium</span> <span class='ocrx_word' id='word_1_209' title='bbox 308 2589 502 2660; x_wconf 88' lang='lat' dir='ltr'>supradictum</span> <span class='ocrx_word' id='word_1_210' title='bbox 514 2589 545 2644; x_wconf 91' lang='lat' dir='ltr'>in</span> <span class='ocrx_word' id='word_1_211' title='bbox 557 2590 640 2644; x_wconf 91' lang='lat' dir='ltr'>modo</span> <span class='ocrx_word' id='word_1_212' title='bbox 652 2607 709 2660; x_wconf 92' lang='lat' dir='ltr'>quo</span> <span class='ocrx_word' id='word_1_213' title='bbox 721 2591 898 2660; x_wconf 90' lang='lat' dir='ltr'>premittitur</span> <span class='ocrx_word' id='word_1_214' title='bbox 909 2607 959 2660; x_wconf 84' lang='lat' dir='ltr'>per</span> <span class='ocrx_word' id='word_1_215' title='bbox 971 2588 1153 2644; x_wconf 84' lang='lat' dir='ltr'>reverendum</span> <span class='ocrx_word' id='word_1_216' title='bbox 1165 2589 1311 2644; x_wconf 90' lang='lat' dir='ltr'>domiuum</span> 
     </span>
     <span class='ocr_line' id='line_1_25' title="bbox 144 2675 1313 2747; baseline 0 -15"><span class='ocrx_word' id='word_1_217' title='bbox 144 2677 247 2732; x_wconf 88' lang='lat' dir='ltr'>ducem</span> <span class='ocrx_word' id='word_1_218' title='bbox 264 2676 426 2730; x_wconf 83' lang='lat' dir='ltr'>Lancestrie</span> <span class='ocrx_word' id='word_1_219' title='bbox 437 2676 662 2732; x_wconf 88' lang='lat' dir='ltr'>Aldermanuum</span> <span class='ocrx_word' id='word_1_220' title='bbox 674 2683 703 2732; x_wconf 88' lang='grc'>81</span> <span class='ocrx_word' id='word_1_221' title='bbox 715 2677 869 2732; x_wconf 84' lang='lat' dir='ltr'>confratres</span> <span class='ocrx_word' id='word_1_222' title='bbox 882 2676 963 2732; x_wconf 85' lang='lat' dir='ltr'>Gilde</span> <span class='ocrx_word' id='word_1_223' title='bbox 976 2675 1137 2747; x_wconf 86' lang='lat' dir='ltr'>supradicte</span> <span class='ocrx_word' id='word_1_224' title='bbox 1151 2676 1313 2732; x_wconf 90' lang='lat' dir='ltr'>ordinatum</span> 
     </span>
     <span class='ocr_line' id='line_1_26' title="bbox 144 2763 1312 2835; baseline 0.003 -17"><span class='ocrx_word' id='word_1_225' title='bbox 144 2765 255 2818; x_wconf 86' lang='lat' dir='ltr'>factum</span> <span class='ocrx_word' id='word_1_226' title='bbox 268 2768 297 2818; x_wconf 90' lang='grc'>81</span> <span class='ocrx_word' id='word_1_227' title='bbox 308 2763 468 2818; x_wconf 85' lang='lat' dir='ltr'>stabilitum</span> <span class='ocrx_word' id='word_1_228' title='bbox 480 2782 513 2820; x_wconf 87' lang='lat' dir='ltr'>ac</span> <span class='ocrx_word' id='word_1_229' title='bbox 525 2764 732 2820; x_wconf 86' lang='lat' dir='ltr'>ordinacionem</span> <span class='ocrx_word' id='word_1_230' title='bbox 745 2765 966 2835; x_wconf 86' lang='lat' dir='ltr'>suprascriptam</span> <span class='ocrx_word' id='word_1_231' title='bbox 978 2764 1132 2819; x_wconf 87' lang='lat' dir='ltr'>secundum</span> <span class='ocrx_word' id='word_1_232' title='bbox 1144 2783 1255 2820; x_wconf 91' lang='lat' dir='ltr'>omnem</span> <span class='ocrx_word' id='word_1_233' title='bbox 1268 2767 1312 2821; x_wconf 91' lang='lat' dir='ltr'>sui</span> 
     </span>
     <span class='ocr_line' id='line_1_27' title="bbox 144 2851 1313 2924; baseline 0.001 -18"><span class='ocrx_word' id='word_1_234' title='bbox 144 2851 262 2906; x_wconf 91' lang='lat' dir='ltr'>modum</span> <span class='ocrx_word' id='word_1_235' title='bbox 280 2854 310 2904; x_wconf 87' lang='lat' dir='ltr'>et</span> <span class='ocrx_word' id='word_1_236' title='bbox 327 2851 446 2906; x_wconf 82' lang='lat' dir='ltr'>formam</span> <span class='ocrx_word' id='word_1_237' title='bbox 465 2851 631 2924; x_wconf 87' lang='lat' dir='ltr'>omniaque</span> <span class='ocrx_word' id='word_1_238' title='bbox 649 2852 679 2906; x_wconf 92' lang='lat' dir='ltr'>in</span> <span class='ocrx_word' id='word_1_239' title='bbox 697 2869 729 2907; x_wconf 92' lang='grc' dir='ltr'><strong>8ο</strong></span> <span class='ocrx_word' id='word_1_240' title='bbox 748 2854 889 2919; x_wconf 84' lang='lat' dir='ltr'>contenta,</span> <span class='ocrx_word' id='word_1_241' title='bbox 906 2851 1075 2906; x_wconf 85' lang='lat' dir='ltr'>auctoritate</span> <span class='ocrx_word' id='word_1_242' title='bbox 1092 2851 1240 2907; x_wconf 80' lang='lat' dir='ltr'>diocesano</span> <span class='ocrx_word' id='word_1_243' title='bbox 1256 2871 1313 2924; x_wconf 86' lang='lat' dir='ltr'>qua</span> 
     </span>
     <span class='ocr_line' id='line_1_28' title="bbox 144 2939 1313 3012; baseline 0.002 -18"><span class='ocrx_word' id='word_1_244' title='bbox 144 2939 298 3009; x_wconf 83' lang='lat' dir='ltr'>fungimur,</span> <span class='ocrx_word' id='word_1_245' title='bbox 311 2944 451 3009; x_wconf 87' lang='lat' dir='ltr'>quantum</span> <span class='ocrx_word' id='word_1_246' title='bbox 468 2941 498 2995; x_wconf 91' lang='lat' dir='ltr'>in</span> <span class='ocrx_word' id='word_1_247' title='bbox 514 2939 596 2996; x_wconf 91' lang='lat' dir='ltr'>nobis</span> <span class='ocrx_word' id='word_1_248' title='bbox 611 2945 655 2996; x_wconf 87' lang='lat' dir='ltr'>est</span> <span class='ocrx_word' id='word_1_249' title='bbox 670 2941 714 2996; x_wconf 85' lang='lat' dir='ltr'>vel</span> <span class='ocrx_word' id='word_1_250' title='bbox 730 2959 790 2995; x_wconf 88' lang='lat' dir='ltr'>esse</span> <span class='ocrx_word' id='word_1_251' title='bbox 807 2941 918 3012; x_wconf 90' lang='lat' dir='ltr'>poterit,</span> <span class='ocrx_word' id='word_1_252' title='bbox 932 2939 1128 3011; x_wconf 86' lang='lat' dir='ltr'>approbamus,</span> <span class='ocrx_word' id='word_1_253' title='bbox 1141 2941 1313 2996; x_wconf 84' lang='lat' dir='ltr'>ratificamus</span> 
     </span>
     <span class='ocr_line' id='line_1_29' title="bbox 145 3027 1312 3100; baseline 0.002 -18"><span class='ocrx_word' id='word_1_254' title='bbox 145 3033 174 3083; x_wconf 89' lang='lat' dir='ltr'>et</span> <span class='ocrx_word' id='word_1_255' title='bbox 187 3027 386 3082; x_wconf 83' lang='lat' dir='ltr'>confirmamus</span> <span class='ocrx_word' id='word_1_256' title='bbox 398 3027 508 3082; x_wconf 86' lang='lat' dir='ltr'>dictum</span> <span class='ocrx_word' id='word_1_257' title='bbox 520 3028 666 3099; x_wconf 90' lang='lat' dir='ltr'>collegium</span> <span class='ocrx_word' id='word_1_258' title='bbox 678 3046 713 3083; x_wconf 82' lang='lat' dir='ltr'>ex</span> <span class='ocrx_word' id='word_1_259' title='bbox 724 3046 800 3082; x_wconf 91' lang='lat' dir='ltr'>nunc</span> <span class='ocrx_word' id='word_1_260' title='bbox 812 3029 842 3082; x_wconf 92' lang='lat' dir='ltr'>in</span> <span class='ocrx_word' id='word_1_261' title='bbox 855 3033 1023 3100; x_wconf 86' lang='lat' dir='ltr'>perpetuum</span> <span class='ocrx_word' id='word_1_262' title='bbox 1037 3029 1147 3083; x_wconf 92' lang='lat' dir='ltr'>licitum</span> <span class='ocrx_word' id='word_1_263' title='bbox 1160 3033 1189 3082; x_wconf 89' lang='lat' dir='ltr'>et</span> <span class='ocrx_word' id='word_1_264' title='bbox 1201 3030 1312 3084; x_wconf 90' lang='lat' dir='ltr'>canoni·</span> 
     </span>
     <span class='ocr_line' id='line_1_30' title="bbox 145 3113 1312 3188; baseline 0.003 -20"><span class='ocrx_word' id='word_1_265' title='bbox 145 3132 211 3169; x_wconf 90' lang='lat' dir='ltr'>cum</span> <span class='ocrx_word' id='word_1_266' title='bbox 228 3113 417 3186; x_wconf 85' lang='lat' dir='ltr'>decernentes,</span> <span class='ocrx_word' id='word_1_267' title='bbox 430 3116 535 3169; x_wconf 86' lang='lat' dir='ltr'>nostris</span> <span class='ocrx_word' id='word_1_268' title='bbox 551 3114 757 3186; x_wconf 85' lang='lat' dir='ltr'>episcopalibus</span> <span class='ocrx_word' id='word_1_269' title='bbox 773 3133 806 3169; x_wconf 86' lang='lat' dir='ltr'>ac</span> <span class='ocrx_word' id='word_1_270' title='bbox 823 3116 937 3170; x_wconf 86' lang='lat' dir='ltr'>ecclesie</span> <span class='ocrx_word' id='word_1_271' title='bbox 953 3121 1048 3170; x_wconf 87' lang='lat' dir='ltr'>nostre</span> <span class='ocrx_word' id='word_1_272' title='bbox 1064 3116 1185 3171; x_wconf 87' lang='lat' dir='ltr'>Ellensis</span> <span class='ocrx_word' id='word_1_273' title='bbox 1200 3115 1312 3188; x_wconf 88' lang='lat' dir='ltr'>juribus</span> 
     </span>
    </p>
   </div>
   <div class='ocr_carea' id='block_1_6' title="bbox 145 3202 1063 3366">
    <p class='ocr_par' dir='ltr' id='par_1_6' title="bbox 145 3202 1063 3366">
     <span class='ocr_line' id='line_1_31' title="bbox 145 3202 1063 3277; baseline 0.002 -20"><span class='ocrx_word' id='word_1_274' title='bbox 145 3209 175 3257; x_wconf 88' lang='lat' dir='ltr'>et</span> <span class='ocrx_word' id='word_1_275' title='bbox 187 3202 367 3258; x_wconf 86' lang='lat' dir='ltr'>libertatibus</span> <span class='ocrx_word' id='word_1_276' title='bbox 378 3203 460 3259; x_wconf 91' lang='lat' dir='ltr'>nobis</span> <span class='ocrx_word' id='word_1_277' title='bbox 472 3209 501 3258; x_wconf 90' lang='lat' dir='ltr'>et</span> <span class='ocrx_word' id='word_1_278' title='bbox 513 3204 720 3260; x_wconf 88' lang='lat' dir='ltr'>successoribus</span> <span class='ocrx_word' id='word_1_279' title='bbox 732 3205 837 3259; x_wconf 86' lang='lat' dir='ltr'>nostris</span> <span class='ocrx_word' id='word_1_280' title='bbox 849 3222 959 3277; x_wconf 88' lang='lat' dir='ltr'>semper</span> <span class='ocrx_word' id='word_1_281' title='bbox 971 3205 1063 3260; x_wconf 86' lang='lat' dir='ltr'>salvis.</span> 
     </span>
     <span class='ocr_line' id='line_1_32' title="bbox 200 3291 578 3366; baseline 0.005 -21"><span class='ocrx_word' id='word_1_282' title='bbox 200 3291 345 3364; x_wconf 89' lang='lat' dir='ltr'>[Hatfield,</span> <span class='ocrx_word' id='word_1_283' title='bbox 359 3296 393 3346; x_wconf 79' lang='lat'>25</span> <span class='ocrx_word' id='word_1_284' title='bbox 407 3293 474 3364; x_wconf 82' lang='lat' dir='ltr'>May</span> <span class='ocrx_word' id='word_1_285' title='bbox 489 3292 578 3366; x_wconf 76' lang='grc'><strong>1355]</strong></span> 
     </span>
    </p>
   </div>
   <div class='ocr_carea' id='block_1_7' title="bbox 146 3439 1312 3866">
    <p class='ocr_par' dir='ltr' id='par_1_7' title="bbox 146 3439 1312 3775">
     <span class='ocr_line' id='line_1_33' title="bbox 200 3439 1311 3514; baseline 0.005 -21"><span class='ocrx_word' id='word_1_286' title='bbox 200 3440 240 3493; x_wconf 84' lang='lat' dir='ltr'>Et</span> <span class='ocrx_word' id='word_1_287' title='bbox 255 3457 306 3493; x_wconf 90' lang='lat' dir='ltr'>uos</span> <span class='ocrx_word' id='word_1_288' title='bbox 323 3439 512 3494; x_wconf 84' lang='lat' dir='ltr'>Cancellarius</span> <span class='ocrx_word' id='word_1_289' title='bbox 528 3444 558 3494; x_wconf 91' lang='lat' dir='ltr'>et</span> <span class='ocrx_word' id='word_1_290' title='bbox 574 3444 654 3495; x_wconf 89' lang='lat' dir='ltr'>cetus</span> <span class='ocrx_word' id='word_1_291' title='bbox 670 3441 812 3495; x_wconf 85' lang='lat' dir='ltr'>unanimis</span> <span class='ocrx_word' id='word_1_292' title='bbox 829 3441 1026 3512; x_wconf 84' lang='lat' dir='ltr'>magistrorum</span> <span class='ocrx_word' id='word_1_293' title='bbox 1042 3442 1236 3497; x_wconf 89' lang='lat' dir='ltr'>universitatis</span> <span class='ocrx_word' id='word_1_294' title='bbox 1250 3461 1311 3514; x_wconf 89' lang='lat' dir='ltr'>pre-</span> 
     </span>
     <span class='ocr_line' id='line_1_34' title="bbox 146 3528 1312 3602; baseline 0.004 -21"><span class='ocrx_word' id='word_1_295' title='bbox 146 3528 229 3595; x_wconf 87' lang='lat' dir='ltr'>dicte,</span> <span class='ocrx_word' id='word_1_296' title='bbox 242 3529 399 3599; x_wconf 84' lang='lat' dir='ltr'>prehabitis</span> <span class='ocrx_word' id='word_1_297' title='bbox 416 3534 542 3584; x_wconf 82' lang='lat' dir='ltr'>tractatu</span> <span class='ocrx_word' id='word_1_298' title='bbox 560 3535 589 3583; x_wconf 93' lang='grc'>81</span> <span class='ocrx_word' id='word_1_299' title='bbox 607 3528 810 3585; x_wconf 86' lang='lat' dir='ltr'>deliberacione</span> <span class='ocrx_word' id='word_1_300' title='bbox 827 3530 931 3585; x_wconf 92' lang='lat' dir='ltr'>debitis</span> <span class='ocrx_word' id='word_1_301' title='bbox 949 3532 978 3584; x_wconf 92' lang='lat' dir='ltr'>in</span> <span class='ocrx_word' id='word_1_302' title='bbox 997 3532 1050 3586; x_wconf 84' lang='lat' dir='ltr'>heo</span> <span class='ocrx_word' id='word_1_303' title='bbox 1068 3537 1156 3602; x_wconf 87' lang='lat' dir='ltr'>parte,</span> <span class='ocrx_word' id='word_1_304' title='bbox 1170 3533 1265 3586; x_wconf 88' lang='lat' dir='ltr'>omnia</span> <span class='ocrx_word' id='word_1_305' title='bbox 1282 3536 1312 3586; x_wconf 91' lang='lat' dir='ltr'>et</span> 
     </span>
     <span class='ocr_line' id='line_1_35' title="bbox 147 3617 1312 3691; baseline 0.005 -21"><span class='ocrx_word' id='word_1_306' title='bbox 147 3617 257 3688; x_wconf 82' lang='lat' dir='ltr'>singula</span> <span class='ocrx_word' id='word_1_307' title='bbox 274 3618 411 3688; x_wconf 88' lang='lat' dir='ltr'>premissa</span> <span class='ocrx_word' id='word_1_308' title='bbox 427 3617 615 3689; x_wconf 84' lang='lat' dir='ltr'>approbamus</span> <span class='ocrx_word' id='word_1_309' title='bbox 631 3623 660 3673; x_wconf 90' lang='grc'>81</span> <span class='ocrx_word' id='word_1_310' title='bbox 677 3619 848 3674; x_wconf 86' lang='lat' dir='ltr'>ratificamus</span> <span class='ocrx_word' id='word_1_311' title='bbox 865 3623 894 3674; x_wconf 90' lang='grc'>81</span> <span class='ocrx_word' id='word_1_312' title='bbox 906 3625 1046 3691; x_wconf 86' lang='lat' dir='ltr'>quantum</span> <span class='ocrx_word' id='word_1_313' title='bbox 1063 3622 1092 3676; x_wconf 92' lang='lat' dir='ltr'>in</span> <span class='ocrx_word' id='word_1_314' title='bbox 1109 3621 1190 3675; x_wconf 88' lang='lat' dir='ltr'>nobis</span> <span class='ocrx_word' id='word_1_315' title='bbox 1204 3626 1248 3675; x_wconf 87' lang='lat' dir='ltr'>est</span> <span class='ocrx_word' id='word_1_316' title='bbox 1262 3639 1312 3676; x_wconf 89' lang='grc'><strong>8811</strong></span> 
     </span>
     <span class='ocr_line' id='line_1_36' title="bbox 147 3706 550 3775; baseline 0.005 -17"><span class='ocrx_word' id='word_1_317' title='bbox 147 3721 208 3759; x_wconf 85' lang='lat' dir='ltr'>esse</span> <span class='ocrx_word' id='word_1_318' title='bbox 220 3706 332 3775; x_wconf 87' lang='lat' dir='ltr'>poterit,</span> <span class='ocrx_word' id='word_1_319' title='bbox 345 3706 550 3760; x_wconf 86' lang='lat' dir='ltr'>confirmamus.</span> 
     </span>
    </p>

    <p class='ocr_par' dir='ltr' id='par_1_8' title="bbox 201 3793 422 3866">
     <span class='ocr_line' id='line_1_37' title="bbox 201 3793 422 3866; baseline 0 -18"><span class='ocrx_word' id='word_1_320' title='bbox 201 3793 228 3866; x_wconf 97' lang='lat' dir='ltr'>[l</span> <span class='ocrx_word' id='word_1_321' title='bbox 242 3793 318 3848; x_wconf 90' lang='lat' dir='ltr'>June</span> <span class='ocrx_word' id='word_1_322' title='bbox 332 3793 422 3866; x_wconf 76' lang='grc'><strong>1355]</strong></span> 
     </span>
    </p>
   </div>
   <div class='ocr_carea' id='block_1_8' title="bbox 146 3941 1313 4544">
    <p class='ocr_par' dir='ltr' id='par_1_9' title="bbox 146 3941 1313 4362">
     <span class='ocr_line' id='line_1_38' title="bbox 201 3941 1312 4018; baseline 0.008 -23"><span class='ocrx_word' id='word_1_323' title='bbox 201 3941 240 3995; x_wconf 83' lang='grc'>111</span> <span class='ocrx_word' id='word_1_324' title='bbox 258 3958 310 3995; x_wconf 88' lang='lat' dir='ltr'>nos</span> <span class='ocrx_word' id='word_1_325' title='bbox 328 3941 416 3996; x_wconf 81' lang='lat' dir='ltr'>frater</span> <span class='ocrx_word' id='word_1_326' title='bbox 432 3941 542 3996; x_wconf 88' lang='lat' dir='ltr'>Alanus</span> <span class='ocrx_word' id='word_1_327' title='bbox 560 3942 636 4013; x_wconf 90' lang='lat' dir='ltr'>prior</span> <span class='ocrx_word' id='word_1_328' title='bbox 654 3943 768 3998; x_wconf 83' lang='lat' dir='ltr'>ecclesie</span> <span class='ocrx_word' id='word_1_329' title='bbox 786 3945 955 4000; x_wconf 86' lang='lat' dir='ltr'>cathedralis</span> <span class='ocrx_word' id='word_1_330' title='bbox 973 3947 1094 4002; x_wconf 88' lang='lat' dir='ltr'>Eliensis</span> <span class='ocrx_word' id='word_1_331' title='bbox 1110 3952 1140 4002; x_wconf 89' lang='lat' dir='ltr'>et</span> <span class='ocrx_word' id='word_1_332' title='bbox 1156 3947 1312 4018; x_wconf 87' lang='lat' dir='ltr'>capitulum</span> 
     </span>
     <span class='ocr_line' id='line_1_39' title="bbox 146 4025 1312 4104; baseline 0.008 -24"><span class='ocrx_word' id='word_1_333' title='bbox 146 4025 273 4098; x_wconf 90' lang='lat' dir='ltr'>ejusdem</span> <span class='ocrx_word' id='word_1_334' title='bbox 297 4026 454 4097; x_wconf 88' lang='lat' dir='ltr'>prehabitis</span> <span class='ocrx_word' id='word_1_335' title='bbox 478 4032 603 4083; x_wconf 79' lang='lat' dir='ltr'>tractatu</span> <span class='ocrx_word' id='word_1_336' title='bbox 624 4033 654 4083; x_wconf 90' lang='lat' dir='ltr'>et</span> <span class='ocrx_word' id='word_1_337' title='bbox 674 4029 876 4086; x_wconf 84' lang='lat' dir='ltr'>deliberacione</span> <span class='ocrx_word' id='word_1_338' title='bbox 897 4032 1000 4087; x_wconf 89' lang='lat' dir='ltr'>debitis</span> <span class='ocrx_word' id='word_1_339' title='bbox 1021 4035 1051 4088; x_wconf 93' lang='lat' dir='ltr'>in</span> <span class='ocrx_word' id='word_1_340' title='bbox 1073 4033 1125 4088; x_wconf 82' lang='lat' dir='ltr'>hac</span> <span class='ocrx_word' id='word_1_341' title='bbox 1146 4040 1227 4104; x_wconf 85' lang='lat' dir='ltr'>parte</span> <span class='ocrx_word' id='word_1_342' title='bbox 1247 4053 1312 4090; x_wconf 91' lang='lat' dir='ltr'>cum</span> 
     </span>
     <span class='ocr_line' id='line_1_40' title="bbox 146 4113 1313 4194; baseline 0.008 -27"><span class='ocrx_word' id='word_1_343' title='bbox 146 4113 298 4168; x_wconf 88' lang='lat' dir='ltr'>reverendo</span> <span class='ocrx_word' id='word_1_344' title='bbox 322 4118 403 4184; x_wconf 89' lang='lat' dir='ltr'>patre</span> <span class='ocrx_word' id='word_1_345' title='bbox 427 4120 524 4170; x_wconf 90' lang='lat' dir='ltr'>nostro</span> <span class='ocrx_word' id='word_1_346' title='bbox 547 4119 576 4170; x_wconf 89' lang='lat' dir='ltr'>et</span> <span class='ocrx_word' id='word_1_347' title='bbox 597 4115 711 4170; x_wconf 90' lang='lat' dir='ltr'>domino</span> <span class='ocrx_word' id='word_1_348' title='bbox 736 4118 851 4172; x_wconf 85' lang='lat' dir='ltr'>Thoma‘</span> <span class='ocrx_word' id='word_1_349' title='bbox 865 4119 910 4173; x_wconf 94' lang='lat' dir='ltr'>dei</span> <span class='ocrx_word' id='word_1_350' title='bbox 934 4121 1027 4189; x_wconf 86' lang='lat' dir='ltr'>gracia</span> <span class='ocrx_word' id='word_1_351' title='bbox 1051 4121 1163 4175; x_wconf 86' lang='lat' dir='ltr'>Elionse</span> <span class='ocrx_word' id='word_1_352' title='bbox 1184 4122 1313 4194; x_wconf 88' lang='lat' dir='ltr'>episcopo</span> 
     </span>
     <span class='ocr_line' id='line_1_41' title="bbox 147 4201 1312 4280; baseline 0.009 -25"><span class='ocrx_word' id='word_1_353' title='bbox 147 4201 242 4256; x_wconf 89' lang='lat' dir='ltr'>omnia</span> <span class='ocrx_word' id='word_1_354' title='bbox 266 4207 295 4256; x_wconf 92' lang='lat' dir='ltr'>et</span> <span class='ocrx_word' id='word_1_355' title='bbox 319 4202 429 4272; x_wconf 90' lang='lat' dir='ltr'>singula</span> <span class='ocrx_word' id='word_1_356' title='bbox 452 4204 590 4274; x_wconf 86' lang='lat' dir='ltr'>premissa</span> <span class='ocrx_word' id='word_1_357' title='bbox 613 4203 802 4274; x_wconf 84' lang='lat' dir='ltr'>approbamus</span> <span class='ocrx_word' id='word_1_358' title='bbox 826 4210 855 4261; x_wconf 88' lang='lat' dir='ltr'>et</span> <span class='ocrx_word' id='word_1_359' title='bbox 879 4207 1051 4262; x_wconf 86' lang='lat' dir='ltr'>ratificamus</span> <span class='ocrx_word' id='word_1_360' title='bbox 1071 4214 1101 4263; x_wconf 87' lang='grc'>81</span> <span class='ocrx_word' id='word_1_361' title='bbox 1121 4215 1262 4280; x_wconf 85' lang='lat' dir='ltr'>quantum</span> <span class='ocrx_word' id='word_1_362' title='bbox 1282 4212 1312 4265; x_wconf 94' lang='lat' dir='ltr'>in</span> 
     </span>
     <span class='ocr_line' id='line_1_42' title="bbox 147 4290 780 4362; baseline 0.003 -16"><span class='ocrx_word' id='word_1_363' title='bbox 147 4290 229 4346; x_wconf 92' lang='lat' dir='ltr'>nobis</span> <span class='ocrx_word' id='word_1_364' title='bbox 247 4294 291 4346; x_wconf 91' lang='grc'>881</span> <span class='ocrx_word' id='word_1_365' title='bbox 308 4308 358 4346; x_wconf 88' lang='lat' dir='ltr'>seu</span> <span class='ocrx_word' id='word_1_366' title='bbox 375 4309 436 4346; x_wconf 89' lang='grc'><strong>8888</strong></span> <span class='ocrx_word' id='word_1_367' title='bbox 454 4292 559 4362; x_wconf 84' lang='lat' dir='ltr'>poterit</span> <span class='ocrx_word' id='word_1_368' title='bbox 576 4292 780 4348; x_wconf 85' lang='lat' dir='ltr'>confirmamus</span> 
     </span>
    </p>

    <p class='ocr_par' dir='ltr' id='par_1_10' title="bbox 201 4377 440 4451">
     <span class='ocr_line' id='line_1_43' title="bbox 201 4377 440 4451; baseline 0 -20"><span class='ocrx_word' id='word_1_369' title='bbox 201 4377 246 4450; x_wconf 87' lang='lat' dir='ltr'>[ll</span> <span class='ocrx_word' id='word_1_370' title='bbox 261 4377 440 4451; x_wconf 74' lang='grc'><strong>1111181355]</strong></span> 
     </span>
    </p>

    <p class='ocr_par' dir='ltr' id='par_1_11' title="bbox 201 4463 1006 4544">
     <span class='ocr_line' id='line_1_44' title="bbox 201 4463 1006 4544; baseline 0.007 -26"><span class='ocrx_word' id='word_1_371' title='bbox 201 4463 277 4541; x_wconf 82' lang='lat' dir='ltr'>[Seal</span> <span class='ocrx_word' id='word_1_372' title='bbox 290 4466 321 4518; x_wconf 87' lang='lat' dir='ltr'>of</span> <span class='ocrx_word' id='word_1_373' title='bbox 330 4465 379 4519; x_wconf 89' lang='lat' dir='ltr'>the</span> <span class='ocrx_word' id='word_1_374' title='bbox 391 4466 449 4536; x_wconf 88' lang='lat' dir='ltr'>gild</span> <span class='ocrx_word' id='word_1_375' title='bbox 461 4466 492 4520; x_wconf 88' lang='lat' dir='ltr'>of</span> <span class='ocrx_word' id='word_1_376' title='bbox 502 4466 535 4522; x_wconf 83' lang='lat' dir='ltr'>St</span> <span class='ocrx_word' id='word_1_377' title='bbox 548 4467 636 4541; x_wconf 84' lang='lat' dir='ltr'>Mary,</span> <span class='ocrx_word' id='word_1_378' title='bbox 650 4468 718 4522; x_wconf 88' lang='lat' dir='ltr'>with</span> <span class='ocrx_word' id='word_1_379' title='bbox 731 4468 823 4540; x_wconf 85' lang='lat' dir='ltr'>places</span> <span class='ocrx_word' id='word_1_380' title='bbox 835 4469 879 4523; x_wconf 87' lang='lat' dir='ltr'>for</span> <span class='ocrx_word' id='word_1_381' title='bbox 890 4469 1006 4544; x_wconf 84' lang='lat' dir='ltr'>others]</span> 
     </span>
    </p>
   </div>
   <div class='ocr_carea' id='block_1_9' title="bbox 0 0 1587 5104">
    <p class='ocr_par' dir='ltr' id='par_1_12' title="bbox 0 0 1587 5104">
     <span class='ocr_line' id='line_1_45' title="bbox 0 0 1587 5104; baseline 0 0"><span class='ocrx_word' id='word_1_382' title='bbox 0 0 1587 5104; x_wconf 95' lang='lat' dir='ltr'> </span> 
     </span>
    </p>
   </div>
  </div>
 </body>
</html>
