3170 5104
291 389 334 450 80
707 400 911 448 csnsnrnos
933 399 1043 448 omns.

126 558 278 658 ffissffig
291 557 423 624 torchiis
444 558 693 644 precedentibus
714 559 754 623 ad
773 558 867 623 illum
889 579 986 622 usum
1007 555 1172 641 dispositis
1192 563 1228 620 et
1243 577 1300 641 pro
1316 553 1457 619 mortuis

126 654 248 752 iffi&
291 661 495 748 sepeliendis,
510 670 545 726 et
566 663 599 726 in
619 661 672 727 die
690 673 802 727 sancte
824 661 983 726 Katerine
1002 660 1119 744 singuli
1143 661 1257 724 fratres
1273 669 1307 724 et
1323 681 1458 736 sorores,

150 752 222 840 „3⁰3²
233 752 263 842 ⁴,
290 766 446 832 uxoribus
456 768 661 852 computatis,
675 767 812 832 offerent
823 766 952 831 obolum
965 787 971 844 ;
995 775 1027 830 et
1038 765 1184 851 quelibet
1199 787 1286 829 soror
1301 765 1369 828 sine
1385 763 1457 828 viro

126 846 195 887 borne
203 846 228 886 ln

125 893 262 984 qqqqngqre
290 871 394 936 solvet
420 879 459 935 ut
483 871 661 956 predicitur
685 871 719 935 in
742 894 827 935 anno
854 870 1025 934 duodecim
1048 870 1204 946 denarios,
1227 879 1358 934 etcum
1381 891 1458 954 per-

126 990 263 1078 nggqm
292 974 419 1038 venerit
439 973 480 1038 ad
501 973 719 1058 maritagium,
734 974 761 1038 si
781 974 919 1038 maritus
937 995 1015 1037 suus
1032 973 1170 1037 voluerit
1191 972 1319 1059 ingredi
1341 972 1457 1058 hujus-

127 1085 256 1182 ffiefflg·
292 1080 379 1144 modi
406 1079 655 1156 fraternitatem,
679 1079 783 1144 solvet
813 1079 991 1172 secundum
1022 1077 1108 1162 quod
1134 1079 1257 1162 poterit
1283 1077 1457 1142 convenire

127 1183 257 1272 {lmen
292 1206 366 1248 cum
383 1183 547 1270 magistris
563 1184 650 1248 dicte
665 1185 753 1270 gilde
769 1207 826 1270 pro
842 1183 1029 1268 hujusmodi
1044 1183 1191 1269 ingressu
1208 1182 1364 1247 habendo.

125 1279 239 1376 ldidiioo)
247 1327 342 1417 offertqqt.
369 1327 504 1369 Unmarrled
515 1328 590 1368 sistere
601 1338 645 1378 pay
653 1330 681 1368 ls.
693 1338 707 1368 a
718 1337 782 1378 yson
794 1338 824 1368 on
835 1327 942 1377 marriage
953 1327 1013 1368 thelr
1021 1327 1135 1368 husbands
1143 1327 1309 1378 mayenterfor
1318 1337 1332 1366 ι
1344 1327 1379 1367 fes
1391 1327 1417 1367 to
1429 1326 1459 1366 bc

126 1375 233 1426 arranged
241 1377 296 1417 ruth
330 1375 447 1417 eMastors

126 1535 278 1626 {gfflss‘lssd
357 1540 384 1599 5.
431 1535 475 1599 Et
490 1535 630 1621 quilibet
646 1535 820 1599 defunctus
836 1535 935 1598 frater
950 1534 1017 1598 sive
1033 1555 1120 1597 soror
1134 1532 1227 1597 istius
1240 1532 1458 1598 fraternitatis

127 1633 257 1729 {ffiffm
291 1639 389 1704 debet
413 1641 534 1725 portari
558 1640 599 1704 ad
627 1641 793 1704 ecclesiam
822 1637 879 1704 ubi
906 1639 1005 1703 debet
1032 1638 1163 1724 sepeliri
1193 1661 1268 1702 cum
1300 1637 1458 1723 predictis

127 1728 260 1865 ξξὲἱᾚ
291 1752 433 1828 quatuor
449 1743 582 1808 torchiis
597 1754 674 1808 ante
690 1766 805 1827 corpus
821 1765 917 1807 suum
933 1743 1123 1807 ardentibus
1138 1743 1173 1806 in
1194 1743 1361 1806 ecelesiam
1381 1765 1457 1828 pre·

127 1825 278 1970 affigi&
292 1849 423 1926 dictam,
444 1859 478 1912 et
497 1849 544 1913 ibi
564 1848 719 1914 continue
740 1847 911 1925 ardebunt,
931 1869 1100 1932 quousque
1126 1869 1240 1932 corpus
1267 1847 1457 1932 hujusmodi

127 1969 272 2067 qumod
292 1952 439 2017 defuncti
471 1953 619 2016 tradatur
652 1952 830 2037 sepulture,
861 1952 1012 2016 omnibus
1043 1951 1197 2015 fratribus
1228 1959 1261 2015 et
1292 1951 1456 2016 sororibus

128 2027 258 2160 &¹1¹1ss
291 2055 413 2118 ibidem
437 2055 644 2140 presentibus
659 2055 700 2118 ad
716 2055 850 2140 placebo
866 2066 900 2118 et-
916 2055 1046 2118 missam
1063 2053 1090 2118 si
1106 2054 1149 2118 sit
1165 2054 1199 2116 in
1215 2053 1361 2139 predicta
1376 2054 1458 2118 villa

128 2159 259 2254 fflffissl
293 2161 503 2246 Cantabrigie
527 2162 577 2228 vel
600 2161 684 2224 infra
705 2168 830 2243 septem
853 2159 1005 2223 milliaria
1024 2159 1108 2222 circa
1130 2158 1310 2245 predictam
1333 2159 1456 2236 villam,

126 2254 265 2343 ἒῖξέἓδ·
292 2288 389 2330 sanus
409 2275 444 2329 et
467 2266 550 2330 bene
572 2263 758 2349 dispositus
774 2263 835 2327 sub
855 2285 941 2348 pena
961 2262 1135 2326 solucionis
1158 2262 1256 2326 unius
1280 2261 1361 2325 libre
1382 2285 1456 2327 cere

127 2349 257 2447 trhrieibliiu
292 2369 333 2432 ad
356 2369 629 2433 sustentaoionem
655 2367 788 2430 luminis
809 2365 964 2450 predicti:
988 2366 1089 2430 stibi
1113 2365 1250 2429 offerent
1275 2365 1455 2428 secundum

128 2445 265 2590 &noo-lgr}
292 2495 388 2537 usum
416 2473 491 2536 ville
517 2471 669 2556 predicte,
697 2479 730 2534 et
757 2470 896 2556 quilibet
924 2469 1111 2554 hujusmodi
1140 2469 1241 2533 frater
1271 2468 1338 2532 sive
1369 2491 1458 2532 soror

128 2588 252 2676 ggqggw
293 2577 466 2641 defunctus
481 2575 548 2639 sive
569 2574 724 2638 defuncta
745 2573 879 2637 habebrt
900 2572 942 2636 ad
965 2573 1096 2637 missam
1118 2573 1203 2636 circa
1224 2595 1338 2656 corpus
1358 2595 1456 2636 suum

127 2684 236 2772 323⁸,
293 2704 397 2745 unum
414 2681 523 2744 herce¹
540 2680 589 2744 vel
605 2679 686 2743 duos
702 2677 892 2742 standardos
908 2679 948 2742 de
965 2679 1136 2742 duodecim
1150 2687 1262 2762 tapurs
1275 2677 1455 2742 secundum

128 2780 246 2868 fflssssff,
256 2825 282 2866 ,f
294 2786 533 2850 ordinacionem
554 2797 588 2848 et
611 2783 858 2868 disposicionem
877 2784 1106 2870 magistrorum
1129 2783 1216 2847 dicte
1240 2781 1457 2846 fraternitatis

130 2876 233 2925 ΜΝ·
294 2890 361 2954 sive
377 2888 473 2975 guse.

128 3108 254 3207 {suffio
360 3099 387 3160 6.
433 3095 474 3158 In
493 3093 633 3158 crastino
650 3115 724 3156 vero
745 3101 917 3176 postquam
938 3114 1053 3176 corpus
1074 3089 1264 3178 hujusmodi
1280 3091 1388 3156 fratris
1403 3092 1456 3156 vel

128 3204 249 3293 idm?
294 3201 409 3266 sororis
431 3199 579 3263 tradatur
600 3198 768 3284 sepulture
785 3197 922 3281 predicti
939 3197 1088 3280 magistri
1103 3206 1138 3260 et
1153 3196 1383 3261 aldermannus
1397 3197 1457 3283 qui

129 3349 261 3398 mascator
294 3326 352 3389 pro
368 3312 514 3388 tempore
530 3301 652 3366 fuerint
674 3300 794 3364 facient
815 3299 968 3364 celebrari
987 3300 1125 3386 triginta
1146 3299 1260 3364 missas
1282 3301 1323 3364 de
1345 3301 1456 3386 pixide

128 3396 257 3485 {flffif
294 3409 450 3494 quamdiu
477 3408 563 3472 bona
587 3407 673 3471 dicte
701 3405 915 3470 fraternitatis
942 3405 1009 3470 sint
1035 3404 1232 3470 sufficiencia
1258 3427 1316 3488 pro
1346 3405 1457 3488 anima

128 3493 267 3580 tlfslfta„
294 3511 374 3575 dicti
397 3511 543 3576 defuncti
567 3521 600 3576 et
626 3533 683 3594 pro
711 3509 882 3572 animabus
909 3509 1056 3572 omnium
1086 3508 1330 3572 benefactorum
1361 3509 1456 3572 istius

128 3587 251 3676 iiii‘md
293 3615 380 3701 gilde
397 3623 430 3678 et
448 3637 504 3698 pro
519 3614 671 3677 omuibus
687 3611 948 3677 benefactoribus
965 3612 1046 3675 vivis
1062 3611 1119 3696 qui
1136 3611 1212 3674 huic
1227 3611 1315 3698 gilde
1331 3611 1455 3696 aliquid

295 3719 372 3784 boni
403 3719 591 3806 legaverint,
616 3717 776 3792 dederint,
800 3717 1036 3801 assignaverint
1064 3739 1121 3781 seu
1146 3715 1357 3800 quovismodo
1381 3739 1455 3780 con-

295 3823 441 3888 tulerint.

128 4047 230 4136 qoeqqns
361 4026 389 4094 7.
435 4028 478 4091 Et
499 4026 639 4112 quilibet
659 4046 791 4110 pauper,
816 4027 915 4088 frater
935 4025 987 4088 vel
1007 4047 1095 4089 soror
1115 4025 1211 4090 istius
1234 4023 1456 4099 fraternitatis,

127 4144 246 4232 cmptyto
294 4132 362 4196 sive
391 4154 474 4196 unus
499 4131 567 4195 sive
598 4131 716 4215 plures,
742 4129 934 4192 dumtamen
965 4128 1076 4192 fideles
1107 4129 1279 4194 extiterint
1310 4138 1343 4192 et
1373 4128 1472 4192 bene.

128 4239 258 4330 wffig„
294 4236 438 4301 celantes
468 4243 592 4300 secreta
618 4233 705 4298 dicte
729 4232 824 4317 gilde,
851 4231 1050 4296 relevabitur
1076 4254 1133 4297 seu
1164 4232 1398 4296 relevabuntur
1421 4231 1455 4295 in

394 4425 403 4458 ¹
419 4425 442 4474 A
454 4421 606 4474 framevvork
618 4425 645 4472 to
657 4436 732 4483 carry
743 4419 842 4484 ligbted
854 4424 941 4499 tapers
953 4434 1013 4470 over
1024 4417 1070 4468 the
1082 4419 1137 4468 bier
1148 4417 1224 4467 while
1236 4417 1264 4466 in
1277 4416 1383 4467 church.
