3170 5104
234 416 277 480 90
647 427 850 477 crunarnnn
872 426 980 475 crans.

232 607 292 650 sua
317 605 424 648 coram
450 581 584 648 custode
611 581 668 668 qui
698 603 755 666 pro
786 589 932 666 tempore
962 579 1063 645 fuerit
1093 587 1241 645 recenter
1266 578 1403 664 jurabit

232 687 318 773 quod
343 686 454 752 omnia
479 693 513 751 et
540 685 669 770 singula
693 683 881 770 hujusmodi
904 682 1128 749 ordinaciones
1150 693 1185 749 et
1207 692 1335 748 statuta
1357 691 1404 746 ut

232 793 437 879 premittitur
467 799 536 856 toto
566 813 658 876 posse
694 812 752 856 suo
788 789 930 854 fideliter
964 789 1151 855 observabit
1186 797 1221 854 et
1255 787 1404 852 firmiter

234 897 354 982 [teneri
379 897 427 980 et]
452 895 614 960 observari
637 894 825 980 procurabit
850 903 1011 980 quatenus
1035 895 1157 980 absque
1225 893 1329 977 (torn)

233 1000 393 1086 poterit...
457 1001 493 1082 (3
510 998 611 1062 words
625 998 786 1084 illegible)
891 1000 927 1081 (2
943 999 1047 1062 words
1060 997 1221 1084 illegible)
1311 994 1403 1060 ...ad

232 1105 342 1170 omnia
355 1103 515 1190 premissa
529 1103 671 1168 fideliter
685 1102 920 1188 adimplenda
905 1102 1092 1188 juravimus
1107 1109 1142 1166 et
1162 1100 1270 1186 sigilla
1283 1109 1404 1164 nostra

68 1221 203 1320 pulum&
232 1209 439 1296 presentibus
461 1207 678 1294 apposuimus.
724 1207 849 1272 Datum
873 1207 961 1292 apud
988 1205 1235 1292 Cantabrigiam
1262 1203 1296 1267 xi
1319 1203 1403 1268 Kal.

233 1313 348 1378 Marcii
363 1336 448 1378 anno
464 1313 590 1378 domini
606 1312 779 1377 millesimo
795 1319 870 1377 cccm
870 1311 1025 1375 ⁰lxxix¹¹¹⁰
1041 1319 1075 1376 et
1095 1333 1181 1375 anno
1201 1308 1294 1396 regni
1308 1307 1401 1394 regis

233 1417 366 1483 Ricardi
380 1427 455 1504 post
471 1418 701 1504 [conquestum
716 1416 850 1482 secundi
868 1415 992 1501 tercio}

93 1643 107 1673 ⁰
162 1643 174 1673 ³
299 1623 344 1688 Et
366 1645 427 1709 ego
448 1622 612 1688 Walterus
635 1622 675 1686 de
699 1622 822 1687 Sutton
844 1620 980 1686 clericus
1003 1620 1239 1709 wigorniensis
1260 1619 1420 1686 diocesis'

233 1728 431 1793 auctoritate
462 1726 638 1812 apostolica
668 1735 703 1790 ct
732 1726 895 1811 imperiali
925 1727 1072 1791 notarius
1101 1726 1253 1812 publicus
1282 1748 1400 1811 supra-

234 1833 394 1897 dictorum
406 1839 606 1896 statutorum
623 1831 763 1916 [copiam
780 1853 838 1916 per
849 1831 1056 1915 consensum]
1069 1830 1237 1906 willelmi,
1249 1829 1400 1906 Roberti,

233 1937 395 2002 Jobannis
429 1943 465 2001 et
498 1936 643 2000 omnium
683 1936 820 2000 aliorum
860 1937 1072 2020 [confratrum
1111 1935 1257 2021 predicte
1293 1933 1399 2019 gilde]

234 2041 358 2126 probat’
375 2040 416 2104 ad
432 2047 636 2104 sacrosancta
656 2039 709 2102 dei
730 2038 910 2124 Evangelia
930 2061 989 2124 per
1009 2061 1063 2103 eos
1081 2039 1289 2125 corporaliter
1308 2045 1403 2102 tacta

230 2143 351 2230 juratis
387 2165 564 2228 eorumque
597 2141 806 2228 juramentis,
842 2141 1101 2226 prestacionibus
1139 2165 1177 2207 ac
1216 2142 1401 2228 sigillorum

235 2269 346 2312 eorum
362 2245 623 2332 opposicionibus
639 2256 673 2310 et
689 2245 840 2310 omnibus
855 2246 928 2310 aliis
944 2247 1173 2332 suprascriptis
1188 2259 1223 2312 et

627 2349 728 2414 habit’
745 2371 886 2414 unacum
1050 2373 1136 2415 anno
1151 2351 1276 2415 domini
1291 2350 1332 2414 ab
1348 2350 1401 2413 in·

235 2456 425 2522 caruacione
441 2455 587 2540 ejusdem
604 2455 779 2519 Millcsimo
795 2463 829 2519 et
845 2463 934 2519 cccm⁰
950 2455 1047 2533 lxxix,
1063 2456 1242 2521 indiccione
1259 2454 1399 2538 terc[ia].

237 2561 451 2626 Pontificatus
481 2559 676 2624 sanctissimi
707 2559 742 2622 in
772 2559 905 2626 Christo
935 2559 1037 2644 patris
1067 2567 1102 2624 et
1132 2559 1258 2624 domini
1295 2559 1400 2624 nostri

235 2660 360 2726 domini
383 2660 511 2726 Urbani
534 2659 645 2723 divina
667 2659 891 2744 [providencia
912 2660 999 2745 Pape
1022 2660 1117 2736 sexti,
1132 2683 1217 2725 anno
1240 2659 1397 2744 secundo]

235 2766 288 2830 die
304 2765 430 2830 decimo
445 2765 560 2847 noluo]
580 2765 780 2848 [Februarii]
802 2765 864 2848 [in]
885 2766 1030 2829 Ecclesia
1045 2767 1150 2830 sancti
1165 2766 1296 2830 Andree
1312 2765 1399 2830 Gan-

235 2867 375 2957 tebiigie
388 2868 529 2932 Eliensis
541 2867 676 2933 diocesis
688 2891 819 2954 presens
832 2869 969 2934 interfui
980 2892 1082 2955 eaque
1098 2893 1156 2956 per
1171 2869 1398 2934 testimonium

235 2974 438 3038 Willelmum
463 2973 644 3036 Robertum
667 2973 854 3038 Johannem
878 2982 913 3038 et
935 2975 1015 3039 alios
1037 2975 1239 3060 supradictos
1262 2974 1306 3036 sic
1327 2973 1399 3036 fieri

236 3079 349 3144 statim
385 3077 476 3163 [feci]
510 3078 558 3161 [et
597 3077 632 3140 iu
663 3078 746 3141 hanc
775 3079 955 3164 publicam]
987 3081 1123 3143 formam
1153 3078 1264 3163 redegi
1296 3078 1399 3162 [meo]

237 3184 423 3270 [signo]que
461 3182 495 3245 in
530 3204 569 3246 eo
604 3193 758 3246 consueto
795 3206 935 3247 unacum
974 3184 1179 3269 opposicione
1217 3183 1398 3269 sigillorum

236 3288 380 3373 ipsorum
397 3286 555 3351 Willelmi
571 3285 708 3351 Roberti
728 3286 890 3352 Johannis
911 3295 946 3352 et
966 3288 1104 3352 aliorum
1124 3287 1270 3353 omnium
1286 3308 1398 3372 supra-

237 3399 423 3456 notatorum
461 3413 519 3476 per
557 3391 738 3456 Robertum
782 3392 939 3478 Beylham
987 3392 1172 3478 supradicte
1208 3392 1296 3477 gilde
1341 3413 1399 3475 pro

237 3503 383 3582 tempore
414 3495 589 3572 custodem,
620 3493 781 3559 Thomam
811 3496 1011 3582 Beylham...

237 3601 384 3687 ejusdem
407 3609 446 3665 ut
679 3609 826 3686 tempore
849 3603 962 3666 eodem
985 3625 1024 3667 ac
1045 3623 1157 3666 omnes
1179 3601 1259 3665 alios
1281 3601 1400 3665 seriose

237 3705 519 3791 supranominatos
549 3713 681 3790 rogatus
712 3714 746 3768 et
776 3695 953 3790 requisitus
983 3706 1017 3769 in
1040 3706 1108 3790 ,hac
1133 3713 1226 3790 parte
1257 3726 1399 3768 unacum

238 3831 381 3896 appenso
403 3809 510 3893 sigillo
533 3816 571 3872 ut
595 3808 804 3894 premittitur
829 3808 1003 3873 eorundem
1031 3809 1158 3894 signavi
1182 3809 1216 3872 in
1240 3809 1339 3873 fidem
1366 3818 1402 3872 et

238 3913 462 3979 testimonium
501 3913 739 3997 premissorum.
804 3912 1032 3996 Prese[utibus
1067 3913 1215 3978 discretis
1253 3912 1400 3996 viris...]

238 4020 354 4086 clerico
381 4026 415 4084 et
442 4019 586 4082 Henrico
613 4018 720 4102 Deym
747 4018 891 4102 [clerico]
922 4018 1062 4082 Eliensis
1092 4018 1229 4083 diocesis
1258 4017 1402 4083 testibus

237 4125 280 4190 ad
295 4123 450 4210 premissa
467 4123 592 4188 vocetis
607 4122 792 4208 specialiter
807 4131 842 4187 et
856 4123 986 4208 rogatis.

75 4357 121 4398 The
112 4354 226 4446 11ειῑῐᾱξιιε
305 4337 349 4400 Et
370 4335 539 4400 sciendum
564 4335 648 4421 quod
672 4357 737 4398 non
760 4343 837 4400 sunt
860 4335 971 4420 aliqua
999 4343 1086 4400 terre
1113 4341 1304 4399 tenementa
1329 4353 1402 4417 pos-

73 4405 174 4542 ffiffl
151 4403 225 4539 Ἐζὶὓ
238 4442 397 4508 sessiones
408 4439 516 4505 reddit
502 4448 556 4505 tus
568 4439 653 4504 bona
663 4460 722 4503 seu
734 4437 875 4502 catalla'
867 4461 903 4502 ur
918 4438 1069 4503 manibus
1084 4437 1248 4503 dictorum
1262 4437 1402 4502 fratrum
