3194 5120
321 391 363 454 24
720 403 935 454 causamur
958 402 1069 452 urnas,
1487 396 1490 400 ·

320 561 374 614 Pro
386 560 480 614 anima
492 555 599 614 domini
608 559 726 614 Walteri
736 559 862 630 Reynald
871 559 1014 629 quondam
1025 555 1238 612 Oantuariensis
1247 553 1484 623 Archiepiscopi1.
1588 555 1589 642 l

391 647 429 701 Et
453 646 601 702 animabus
625 646 758 702 Wiilelmi
783 647 872 718 patris
895 646 1002 701 domini
1028 644 1170 715 Radulphi
1191 643 1227 698 de
1247 641 1433 697 Windeshore
1456 645 1487 694 et

391 735 509 805 Agnetis
527 735 627 789 matris
645 735 727 790 eiust

322 822 375 875 Pro
387 822 481 876 anima
493 822 602 876 domini·
613 822 630 876 J
632 821 751 876 ohannis
764 821 835 875 Grac
847 821 955 876 militis.
994 821 1048 875 Pro
1060 820 1156 874 anima
1168 819 1270 874 Cecilie
1282 817 1370 872 Duth.

322 910 375 964 Pro
387 911 482 964 anima
495 909 607 964 Ricardi
620 909 758 980 dc-Byry³
774 908 916 980 quondam
934 908 1057 980 episcopi
1075 907 1283 962 Dunellmensis
1299 910 1329 960 et
1345 905 1432 959 Alani
1450 903 1487 958 de

391 997 494 1070 Grisby
506 1003 536 1052 et
547 998 681 1053 Wiilelmi
693 997 727 1052 de
740 997 873 1052 Oracroft.

388 1205 496 1291 Kyrie.
535 1204 664 1270 Christe
682 1204 867 1290 [e]l[eison].
908 1203 1009 1289 Kyrie
1026 1203 1214 1288 [e]l[eison].
1250 1203 1348 1267 Pater
1363 1212 1487 1266 noster.

322 1309 366 1373 Et
389 1333 429 1374 ne
451 1332 518 1376 nos.
563 1309 726 1394 Requiem
747 1318 893 1374 eternam
914 1309 998 1372 dona
1019 1307 1075 1384 eis,
1090 1307 1229 1372 domine.
1275 1309 1319 1372 Et
1339 1307 1405 1372 lux.
1455 1309 1488 1371 A

321 1422 427 1498 porta·
445 1414 548 1478 inferi.
593 1415 681 1479 Erue
709 1413 879 1498 Do[mine]
910 1412 1073 1496 a[nimas].
1120 1411 1224 1476 Credo
1256 1411 1365 1475 videre
1398 1412 1489 1476 bona

321 1517 452 1582 domini.
498 1517 539 1580 In
555 1525 682 1582 terram.
728 1517 949 1602 Requiescant
969 1515 1004 1580 in
1025 1537 1111 1600 pace.
1158 1517 1274 1581 Amen.
1320 1515 1488 1579 Dominus

321 1622 496 1687 vobiscum.
542 1621 586 1684 Et
613 1643 697 1686 cum.
742 1637 809 1686 PRO
839 1627 958 1684 vlvls⁴.
1006 1620 1252 1704 [O]mnipotens
1283 1619 1488 1704 sempiterne

321 1727 401 1791 deus
424 1725 481 1812 qui
503 1726 581 1790 facis
603 1725 766 1790 mirabilia
788 1747 907 1810 magna
929 1725 1023 1802 solus,
1043 1725 1201 1810 pretende
1223 1747 1321 1809 super
1343 1725 1489 1788 famulos

320 1840 395 1895 tuos
410 1839 444 1894 et
465 1815 597 1894 cunctas
618 1830 885 1918 congregaciones
906 1829 973 1894 illis
994 1829 1180 1894 commissas
1201 1829 1353 1914 spiritum
1375 1829 1488 1912 gracie

320 1933 477 1998 salutaris.
524 1941 558 1998 et
586 1941 624 1998 ut
649 1934 683 1996 in
710 1933 848 1998 veritate
875 1933 939 1998 tibi
964 1934 1186 2017 complaceant
1214 1942 1412 2018 perpetuum
1438 1933 1490 1996 eis

321 2061 424 2103 rorem
440 2047 497 2102 tue
513 2037 749 2104 benedictionis
765 2037 908 2103 infunde.
954 2060 1012 2123 per
1030 2037 1126 2121 [etc.].
1172 2055 1238 2101 Pac
1261 2045 1487 2102 aasumensi

322 2141 451 2225 [D]Eus
481 2139 575 2206 venie
604 2140 738 2226 largitor
768 2149 803 2206 et
833 2141 976 2204 humane
1006 2139 1123 2204 salutis
1156 2149 1269 2204 auctor
1301 2162 1489 2225 ¹quesumus

320 2245 530 2310 clemenciam
566 2255 657 2309 tuam
692 2255 731 2310 ut
766 2254 949 2310 nostrarum
979 2245 1270 2331 congregacionum
1301 2245 1419 2308 fratres
1452 2253 1489 2309 et

231 2397 238 2406 .
321 2372 442 2415 sorores
467 2349 523 2435 qui
551 2371 590 2414 ex
614 2349 674 2413 hoc
696 2349 804 2414 seculo
828 2349 1028 2414 transierunt
1051 2349 1274 2413 intercedente
1298 2349 1396 2413 beata
1420 2349 1489 2414 Dei

319 2455 478 2540 genitrice
505 2454 610 2518 Maria
633 2475 759 2538 semper
782 2453 908 2539 virgine
932 2462 966 2517 et
988 2453 1083 2518 beato
1106 2453 1266 2517 Michaele
1289 2452 1490 2537 archangelo

320 2582 394 2624 oum
430 2558 580 2623 omnibus
616 2558 735 2623 sanctis
769 2558 811 2622 ad
842 2567 1002 2642 perpetue
1033 2557 1250 2622 beatitudinis
1279 2557 1489 2622 consorcium

319 2664 488 2749 pervenire
511 2662 675 2727 concedas.
720 2684 778 2746 per
802 2663 899 2746 [etc.].

156 2885 291 2974 ggggffie
385 2884 471 2948 Item
502 2905 559 2969 pro
590 2883 761 2948 animabus
791 2883 1017 2948 defunctorum
1047 2886 1082 2949 in
1113 2885 1315 2950 mortalitate
1347 2894 1381 2950 et
1407 2895 1489 2971 post

385 3094 471 3159 Item
487 3115 545 3178 pro
561 3093 732 3159 animabus
748 3095 898 3181 Magistri
915 3095 1051 3160 Roberti
1067 3096 1108 3160 de
1129 3096 1297 3182 Brigham,
1315 3095 1489 3176 Wiilelmi,

321 3197 458 3262 Matilde
488 3205 523 3262 et
553 3197 691 3262 Matilde
728 3221 866 3262 uxorum
897 3199 1083 3278 eorundem,
1114 3200 1263 3277 Matilde,
1293 3199 1418 3263 Thome
1453 3212 1489 3265 et

321 3301 458 3366 Walteri
482 3300 523 3366 de
546 3301 755 3381 Oxneforde⁶‚
778 3303 899 3368 domini
925 3303 1061 3369 Roberti
1083 3303 1124 3369 de
1148 3303 1335 3384 Caldecote,
1357 3305 1490 3370 domini

321 3406 478 3471 Wiilelmi
513 3406 625 3486 Dikes,
657 3406 781 3471 domini
816 3408 953 3473 Roberti
982 3408 1023 3473 de
1053 3409 1199 3474 Denford
1230 3411 1489 3496 capellanorum,

318 3509 480 3576 Johannis
507 3509 706 3597 Iremonger,
730 3511 891 3576 Johannis
916 3521 950 3578 et
976 3511 1129 3578 Johanne
1156 3513 1310 3590 Refham,
1335 3513 1489 3602 Philippi

369 3755 378 3787 ¹
396 3753 552 3806 Chancellor
563 3754 592 3804 of
602 3754 647 3804 the
659 3753 817 3818 University,
831 3758 854 3808 d.
870 3757 942 3808 1327.

367 3839 456 3889 ²Oole
480 3827 555 3904 (add.
574 3838 649 3890 MSS.
669 3839 740 3898 5813,
765 3839 783 3888 f.
802 3841 859 3898 229)
880 3844 955 3890 notes
975 3840 1033 3890 that
1056 3839 1141 3902 Roger
1161 3841 1303 3905 Godcheap
1324 3843 1352 3891 of
1370 3844 1488 3896 London

319 3920 449 3984 conveyed
466 3923 492 3971 to
511 3921 553 3972 sir
570 3920 654 3984 Ralph
672 3921 701 3970 oi
715 3921 846 3978 Windsor,
864 3922 942 3980 clerk,
960 3937 975 3972 a
992 3937 1127 3984 messuage
1141 3924 1168 3972 in
1186 3925 1216 3974 St
1231 3925 1366 3974 Edward’s
1381 3928 1486 3992 parish,

320 4003 481 4066 Cambridge,
500 4007 580 4066 temp.
599 4002 648 4051 Ed.
666 4003 702 4051 II.
737 4003 778 4052 He
797 4002 887 4066 points
905 4007 951 4054 out
970 4003 1029 4054 that
1046 4005 1211 4070 Aschbishop
1231 4006 1331 4056 Walter
1348 4008 1488 4072 Rcynolds

319 4101 372 4136 was
383 4084 428 4134 the
441 4099 488 4134 son
500 4085 530 4133 ot
536 4099 552 4134 a
564 4084 644 4134 bakcr
657 4087 685 4134 at
696 4085 820 4134 Windsor
831 4084 878 4134 but
889 4084 930 4133 his
943 4101 1019 4135 name
1031 4102 1083 4136 was
1094 4087 1223 4150 Regincld
1234 4092 1281 4138 not
1292 4089 1386 4152 Ralph.

366 4168 377 4201 ³
393 4167 509 4218 Richard
521 4166 549 4216 oi
557 4168 637 4230 Bury,
652 4166 746 4229 bishop
758 4167 785 4216 cl
795 4166 923 4226 Durham,
937 4169 962 4216 d.
975 4169 1049 4218 1345.

366 4251 377 4282 ⁴
393 4252 426 4300 In
438 4250 482 4300 red
494 4251 548 4299 ink.

365 4335 375 4366 ³
392 4334 425 4382 In
436 4332 480 4382 red
492 4331 547 4380 ink.

365 4416 376 4448 ⁶
393 4415 473 4464 Bedel
485 4416 513 4463 of
524 4414 568 4464 the
582 4414 731 4476 University
743 4415 770 4464 ol
782 4415 943 4478 Cambridge.

155 2981 288 3070 ξξζὲῗῇξᾱ
319 3011 404 3054 anno
427 2987 551 3052 domini
572 2995 702 3053 010000ο
719 2997 825 3053 xL1x0.
