3170 5104
478 424 612 474 coneus
635 425 774 474 11111111
796 425 888 474 omn.
1228 403 1269 470 47

109 587 226 644 verunt
241 579 483 645 fraternitatem
499 589 533 646 et
549 581 641 647 dedit
656 582 831 647 elemosine
849 605 899 648 xx.
909 603 933 648 a
972 581 1027 646 sol.
1044 603 1096 646 xx.
1107 603 1130 646 s.
1148 579 1271 666 Hardy.

109 683 208 748 soluit
222 691 331 748 totum
348 683 494 768 predicto
509 684 540 750 J.
558 685 695 772 Hardy¹.

174 785 281 851 Adam
298 786 502 852 Loleworthe
518 788 652 852 bochier
667 796 702 852 et
717 787 740 854 J
741 789 870 852 ohanna
885 810 967 853 uxor
982 787 1053 874 ejus
1065 787 1272 853 intraverunt

107 890 349 956 fraternitatem
375 899 409 956 et
437 889 599 956 dederunt
622 891 799 956 elemosine
822 915 874 957 xx.
884 915 908 958 a.
931 901 965 956 et
989 891 1043 977 xij.
1054 891 1083 956 d.
1107 913 1270 976 procera.

108 995 163 1061 sol.
180 995 255 1081 xj.s.
271 995 438 1060 thesauris
454 1003 489 1060 et
503 995 671 1060 residuum
687 995 787 1060 soluit
805 995 892 1060 Will.
909 996 1018 1082 Bayle.
1065 997 1120 1062 sol.
1136 1005 1253 1063 totum.

621 1321 673 1387 fol.
697 1321 760 1386 sb.

173 1474 346 1540 Johannee
363 1475 501 1539 Grafton
524 1482 558 1539 et
580 1475 765 1560 Margareta
785 1495 868 1538 uxor
889 1474 959 1559 ejus
979 1475 1188 1538 intraverunt
1209 1473 1271 1536 fra-

108 1571 301 1643 ternitatem
323 1589 357 1644 et
377 1579 541 1644 dederunt
564 1578 739 1644 elemosine
755 1601 827 1642 xxx.
838 1601 861 1643 s.
878 1585 912 1642 et
928 1578 981 1664 xij.
992 1580 1021 1644 d.
1038 1601 1192 1663 procera.
1237 1587 1271 1642 et

109 1683 236 1748 habent
262 1682 333 1747 dies
356 1683 397 1747 ad
424 1682 612 1746 solvendum
638 1683 673 1745 in
698 1682 780 1746 festo
804 1681 845 1745 de
871 1680 1012 1768 Corpore
1037 1681 1161 1748 Christi
1186 1704 1237 1746 xv.
1247 1703 1270 1746 s.

108 1795 143 1852 et
173 1786 209 1850 in
233 1787 315 1851 festo
338 1787 441 1852 sancti
467 1785 637 1851 Michaelis
664 1809 714 1852 xv.
725 1809 747 1850 s.
776 1795 810 1850 et
836 1785 891 1850 sol.
916 1785 1152 1851 ‘'thesaurario‘'
1175 1786 1271 1872 xij.d.

105 1914 166 1978 pro
189 1913 264 1955 cera
285 1899 431 1976 tempore
455 1891 625 1975 ingressus.
671 1891 758 1955 Item
783 1891 882 1956 soluit
905 1914 956 1957 xv.
966 1913 989 1957 s.
1015 1891 1138 1976 Hardy.
1183 1891 1269 1956 Item

105 1996 163 2082 xij.
174 2017 197 2060 a.
222 1994 345 2080 Hardy.
391 1995 479 2060 Item
502 1995 581 2080 iijs.
606 1995 730 2081 Hardy.
1169 1987 1173 1994 ’

175 2100 339 2164 Robertue
365 2099 405 2164 de
433 2099 561 2164 Blofeld
586 2107 620 2164 11
646 2101 833 2186 Margareta
861 2122 943 2164 uxor
970 2100 1040 2186 ejus
1066 2102 1272 2166 intraverunt

104 2207 350 2272 fraternitatem
384 2215 419 2272 et
449 2207 541 2272 dedit
572 2207 748 2272 elemosine
779 2206 864 2292 xxvj.
874 2229 897 2272 a.
925 2207 992 2292 viij.
1002 2208 1031 2273 d.
1077 2207 1131 2272 sol.
1163 2214 1271 2272 toturn

104 2310 283 2376 thesaurie.

176 2415 317 2479 ²Alanus
333 2413 532 2498 Oxehourgh
549 2422 583 2478 et
599 2413 703 2478 Elena
722 2435 802 2477 uxor
817 2412 889 2498 ejus
905 2421 938 2476 et
954 2412 1121 2478 Galfridus
1142 2413 1272 2478 Forster
1283 2419 1434 2517 3181ξὲ31-

5 2563 6 2566 =
103 2521 317 2584 intraverunt
338 2519 580 2583 fraternitatem
599 2527 633 2582 et
654 2518 817 2582 dederunt
837 2517 948 2582 omnia
969 2539 1045 2582 vasa
1065 2540 1103 2582 ac
1119 2517 1272 2582 utensilia
1284 2515 1434 2604 ffiffigf‘

5 2615 6 2698 J
103 2624 150 2689 ad
166 2623 379 2688 braciandum
395 2623 597 2709 pertinencia
611 2622 652 2688 ad
669 2645 764 2686 usum
781 2621 933 2708 Magistri
948 2630 982 2686 et
1003 2622 1173 2686 scolarium
1196 2622 1270 2685 aule

1283 2611 1328 2652 and
1334 2610 1434 2652 8111111111

104 2727 261 2813 Corporis
296 2727 420 2793 Christi
455 2736 489 2791 et
524 2727 620 2792 beate
657 2727 760 2791 Marie
792 2726 1002 2812 Cantebrigie
1032 2727 1194 2792 duntaxat
1222 2727 1271 2792 ita

104 2832 234 2918 ‘'quod‘’
258 2832 405 2917 predicta
429 2853 506 2895 vasa
530 2831 619 2894 nullo
644 2830 739 2894 modo
765 2829 807 2894 ad
833 2830 934 2894 alium
962 2853 1057 2895 usum
1084 2854 1142 2917 per
1167 2831 1269 2896 alder-

102 2959 267 3002 mannum
291 2958 351 3000 nec
373 2957 432 3021 per
454 2936 569 3000 fratres
592 2935 689 3001 Cilde
714 2934 858 3020 predicte
883 2936 1071 3020 pertineant
1097 2935 1160 3000 nisi
1186 2935 1271 3000 infra

102 3041 256 3106 clausum
279 3039 407 3126 collegii
430 3039 576 3124 predicti.

176 3144 199 3208 J
200 3145 342 3208 ohannes
358 3143 481 3208 Valeth
497 3152 531 3207 et
548 3143 735 3230 Margareta
750 3165 832 3206 uxor
852 3139 923 3228 ejus
943 3152 977 3207 et
998 3143 1162 3208 Robertus
1183 3143 1271 3208 lilius

103 3249 183 3336 ejus
207 3248 413 3312 intraverunt
443 3245 683 3310 fraternitatem
714 3253 748 3309 et
774 3245 935 3311 dederunt
966 3245 1140 3310 elemosine
1171 3270 1235 3311 xxx
1247 3270 1270 3312 s,

5 3371 6 3376 ’
104 3362 144 3418 11
160 3353 246 3438 xviij.
259 3353 288 3418 d.
306 3374 363 3437 pro
380 3374 453 3416 cera
468 3360 502 3414 et
518 3351 641 3415 habent
657 3350 726 3414 dies
743 3349 785 3414 ad
805 3350 996 3414 solvendum
1018 3351 1052 3414 11
1074 3350 1127 3414 die
1148 3351 1270 3416 Pasche

103 3467 142 3522 et
162 3457 198 3520 in
218 3456 270 3520 die
292 3454 489 3519 Nativitatis
510 3453 614 3518 sancti
635 3453 797 3518 Johannis
819 3454 962 3538 baptiste
984 3463 1018 3517 et
1038 3455 1072 3516 11
1093 3455 1146 3519 die
1167 3457 1269 3522 sancti

103 3561 280 3626 Michaelis
299 3559 508 3646 Archangeli.
556 3558 613 3623 sol.
630 3557 726 3642 xvj.s.
742 3557 784 3642 vj.
794 3557 824 3622 d.
846 3557 1012 3622 thesaurie
1033 3567 1067 3623 et
1088 3560 1188 3625 soluit
1208 3583 1235 3626 1.
1246 3584 1268 3626 s.

104 3667 160 3732 W.
178 3661 396 3747 fservientess

175 3769 343 3834 Iohannes
366 3768 482 3833 Heved
505 3767 546 3832 de
567 3767 763 3853 Trumpiton
784 3775 818 3832 et
838 3767 958 3832 Dulcia
979 3790 1058 3832 uxor
1078 3769 1149 3853 ejus
1169 3771 1269 3834 intra·
1282 3793 1332 3834 1111
1340 3793 1386 3835 οη

103 3881 229 3938 verunt
244 3873 486 3937 fraternitatem
503 3879 536 3935 et
551 3868 696 3954 †dodit†
715 3877 960 3936 tenementum⁸
980 3873 1064 3956 quod
1082 3873 1146 3936 fuit
1167 3895 1268 3959 quon·
1283 3843 1398 3884 mmm

101 3981 185 4045 dam
201 3976 361 4042 Johannis
376 3976 417 4041 de
434 3976 547 4040 Karlel
563 3976 597 4038 in
614 3975 766 4060 parochia
781 3976 885 4040 sancti
903 3976 1071 4040 Michaelis
1087 3986 1121 4041 et
1137 4000 1253 4045 ceram.

175 4081 271 4147 Nich.
288 4080 452 4166 Sperlyng
468 4088 502 4145 et
513 4081 626 4166 Agnes
638 4102 719 4145 uxor
731 4081 801 4165 ejus
812 4081 1018 4146 intraverunt
1029 4082 1268 4148 fraternitatem

450 4277 460 4309 ¹
477 4276 548 4327 John
560 4276 659 4340 Hardy‚
673 4291 715 4327 see
726 4277 814 4327 below.

453 4358 463 4389 ²
479 4359 512 4407 In
525 4358 570 4408 tha
581 4358 684 4420 margin
696 4364 712 4386 ‘⁶
721 4359 817 4408 Nots.’'

453 4441 464 4474 ³
481 4441 537 4492 The
549 4441 612 4492 daed
622 4440 672 4491 has
684 4443 731 4492 not
742 4441 806 4492 been
818 4441 909 4491 found.
