3194 5120
459 409 497 456 sr
519 392 644 455 Mirr’s
667 405 759 454 6666
781 403 897 452 66666.
1217 381 1257 442 15

162 563 224 620 Joh.
238 561 374 618 Godscne

164 653 238 724 Sym.
251 651 286 706 de
300 651 428 706 Pottone.

165 739 252 809 Marg.
265 738 292 792 16
305 737 413 791 Hunte.

163 826 283 897 Agnetis
297 826 392 879 uxoris
411 814 518 880 Thoine
529 823 565 878 de
577 823 650 876 Arn-

233 917 365 984 instone

164 1003 222 1056 Ric.
237 1001 334 1055 Hervi.

164 1091 261 1162 Stepli
276 1089 429 1144 Godesone

164 1178 237 1233 And.
253 1178 288 1232 de
301 1177 429 1230 Hicchen

164 1269 194 1318 et
205 1264 301 1318 uxoris
314 1263 382 1317 eius,

167 1351 225 1404 Ric.
251 1349 287 1404 de
312 1349 461 1402 Hekatone
490 1346 587 1400 vicarii
610 1361 653 1398 ro·

236 1435 326 1491 tunde
337 1435 459 1490 ecclesie.

166 1525 184 1579 J
186 1525 229 1579 oh.
239 1524 275 1579 de
283 1525 450 1579 Grantesete
460 1522 494 1576 de
504 1521 654 1592 Hogytone

166 1619 196 1668 et
208 1612 337 1668 Matildis
349 1613 443 1666 uxoris
455 1611 523 1666 cius.

167 1703 236 1757 Tho.
250 1701 285 1755 de
298 1699 447 1770 Madingle.

167 1791 185 1845 J
187 1791 231 1845 oh.
245 1789 321 1860 Elys.

168 1877 260 1932 Alicie
273 1876 368 1930 uxoris
380 1877 448 1932 eius.

170 1965 289 2021 Isabelle
303 1965 448 2020 Bateman.

170 2055 228 2109 Ric.
242 2055 268 2108 le
281 2057 390 2125 vynter.

169 2143 244 2197 WilL
258 2141 294 2196 de
307 2141 431 2212 Parysii.

168 2231 329 2301 Margarete
340 2227 435 2282 uxoris
447 2227 514 2281 eius.

170 2316 322 2373 Petronille
334 2315 369 2370 de
382 2313 591 2371 Combertonel.

171 2405 233 2459 Nic.
248 2403 455 2473 Goldsmythtf.

172 2492 238 2561 Reg.
256 2491 274 2544 J
276 2489 396 2544 ohannis
410 2488 509 2552 broper
524 2487 559 2542 (16
576 2487 658 2542 Com·

243 2576 338 2648 pes*².

172 2667 250 2736 Sym.
263 2665 290 2718 16
303 2664 428 2732 Scheper'

19 2751 20 2764 ¹
53 2785 56 2792 ·
172 2758 203 2808 et
215 2754 316 2807 Emme
328 2752 422 2806 uxoris
434 2751 502 2806 eius.

174 2841 235 2896 Ric.
249 2838 349 2909 Algod.

173 2926 249 2982 Will.
264 2925 417 2981 Glenester.

174 3016 278 3071 Felicie
291 3015 411 3086 Hernys

176 3103 306 3160 Matildis
318 3102 465 3158 Godlomb.

175 3191 305 3247 Metildis
318 3189 451 3246 Outlawe

175 3279 250 3334 will.
265 3279 365 3349 Ernys.

176 3367 245 3423 Rob.
259 3367 295 3421 de
307 3365 432 3420 Bradele.

177 3454 291 3509 Iuonis⁸
303 3453 338 3508 de
351 3451 564 3524 Helpringham.

175 3543 193 3598 J
195 3543 239 3597 oh.
253 3541 288 3596 de
302 3541 459 3612 Onapwelle
471 3541 647 3596 marchaunt.

155 3757 164 3788 ¹
181 3757 251 3806 Herc
262 3755 323 3806 Roll
334 3756 356 3804 B
369 3755 434 3806 adds
442 3755 497 3806 Ric.
512 3755 543 3804 de
552 3753 682 3818 Hokkely.

772 554 891 612 Isabelle
903 552 938 608 de
950 548 1153 620 Wilburgham.

772 643 886 700 Iuonis⁴
899 640 1022 711 Markys

772 734 790 788 J
791 733 885 788 uliane
897 730 932 785 de
945 727 1041 796 30er

772 821 850 877 1611.ὅ
859 815 999 873 Morice**
1004 811 1260 870 MatildisetAlicie

844 906 939 960 uxorin
956 903 1017 975 ejus
1033 908 1063 956 et
1080 899 1219 956 Johannis
1231 902 1261 953 et

846 994 954 1049 'l'home
967 991 1078 1045 Morice

774 1085 859 1139 Walt.
872 1083 908 1138 de
921 1081 1082 1136 Bedeforde.

775 1173 860 1228 Alani
877 1188 980 1242 parson
995 1169 1026 1224 of
1040 1169 1115 1224 seint
1127 1165 1262 1238 Beneytis

844 1259 964 1314 chirche.

775 1350 837 1404 Nic.
851 1349 887 1404 de
900 1348 1026 1402 Hintone

776 1444 805 1491 et
817 1435 908 1490 Alicio
919 1435 1015 1489 uxoris
1026 1433 1095 1505 ejus.

778 1526 842 1595 Reg.
857 1523 892 1578 de
904 1523 1055 1578 Fordhem.

777 1612 914 1682 Margerie
926 1611 1015 1682 Pylet.
1042 1623 1046 1626 '

777 1699 851 1754 Will.
865 1699 891 1753 le
904 1697 1074 1769 Hayward*.

778 1787 847 1842 Tho.
861 1786 896 1841 de
908 1787 1100 1856 Arnyngtcne.

779 1875 915 1929 Katerine
927 1874 953 1927 le
966 1873 1112 1928 Tabletter

778 1967 807 2016 et
819 1963 837 2016 J
839 1962 949 2016 ohanne
961 1961 988 2016 le
1000 1960 1168 2016 Tabletter⁶.

778 2052 796 2106 J
798 2051 842 2107 oh.
857 2050 1009 2120 Fucingar’.

780 2139 908 2195 Matildie
921 2137 1039 2210 Gyrerd.

781 2229 839 2284 Pet.
853 2226 887 2281 de
900 2225 1051 2280 Waddone

780 2313 798 2368 J
800 2314 844 2368 oh.
858 2311 963 2367 Butfl.

780 2401 919 2472 Elpenore
931 2399 1026 2454 uxoris
1037 2397 1098 2470 ejus

781 2494 810 2545 et
823 2488 924 2544 Oecilie
937 2489 1002 2543 But.

782 2577 886 2632 Sabine
899 2576 1053 2631 Huberdii.

783 2666 913 2736 Hunfrey
925 2663 959 2718 de
972 2662 1164 2735 Oostesheye*

782 2758 812 2808 et
823 2753 841 2807 J
843 2753 954 2806 ohanne
966 2752 1060 2806 uxoris
1073 2751 1141 2822 ejus.

783 2841 857 2895 Will.
870 2841 897 2894 le
909 2839 1056 2896 Comberti

782 2933 811 2984 et
824 2927 952 2982 Matildis
965 2927 1059 2982 uxoris
1072 2927 1139 2998 ejus.

783 3016 903 3086 Agnetis
915 3015 941 3070 le
954 3015 1060 3071 Hunte.

783 3103 800 3158 J
803 3103 847 3157 oh.
862 3101 1031 3158 Matelaskis

783 3196 813 3246 et
826 3190 895 3248 Rad.
909 3190 1055 3245 Matelask.

784 3279 868 3334 Walt
883 3279 918 3334 de
931 3279 1081 3334 Haverille.

784 3366 896 3420 Richeri
908 3366 934 3420 le
947 3367 1043 3438 Spicer

784 3457 814 3508 et
826 3454 956 3508 Johanne
968 3454 1063 3508 uxoris
1075 3453 1143 3525 ejus.

786 3542 862 3613 Sym.
877 3541 1037 3598 Godlomb⁷.

155 3840 166 3871 ²
182 3839 295 3888 Brother
306 3840 335 3887 oi
345 3839 415 3888 John
428 3837 459 3888 de
471 3839 582 3900 (temper
593 3853 623 3888 ae
635 3853 745 3902 appears
756 3839 824 3889 from
835 3839 881 3890 the
893 3855 959 3902 copy
970 3853 1005 3889 on
1016 3839 1075 3888 Roll
1087 3839 1117 3890 B.

155 3921 166 3953 ³
182 3920 261 3970 Eudo
271 3921 301 3968 in
312 3919 371 3968 Roll
383 3920 414 3968 Β.

155 4003 166 4034 ⁴
181 4001 257 4050 Edus
267 4002 296 4050 in
307 4000 366 4050 Roll
378 4001 409 4050 B.

155 4083 166 4115 ⁶
182 4085 215 4133 In
227 4084 272 4133 the
284 4099 350 4146 copy
361 4098 397 4132 on
408 4083 468 4132 Roll
479 4083 501 4132 Β
513 4082 555 4132 hie
568 4099 644 4133 name
655 4083 679 4133 16
690 4084 767 4146 given
778 4099 808 4134 as
819 4084 971 4139 Nicholaus.
1006 4085 1047 4135 On
1060 4085 1113 4134 thie
1127 4086 1271 4150 important
1362 4110 1366 4115 ·

105 4167 202 4228 family
214 4181 256 4215 soe
267 4165 375 4214 666.
389 4166 494 4216 ree-9.
851 4154 854 4158 '
935 4215 936 4218 ,

144 4250 146 4252 ’
159 4246 170 4278 ⁶
187 4247 228 4296 On
241 4247 285 4296 the
296 4246 391 4296 wealth
403 4246 431 4294 of
440 4245 486 4295 the
498 4245 641 4306 Τ61161666,
655 4261 696 4296 666
708 4246 738 4296 Τ.
752 4251 774 4296 e
785 4247 816 4297 Β.
828 4263 854 4310 p.
868 4247 924 4295 142.

157 4330 168 4363 ⁷
185 4330 241 4379 The
252 4329 335 4378 whole
346 4329 375 4378 of
390 4329 436 4378 the
447 4329 526 4379 above
542 4330 588 4379 list
598 4331 628 4380 cf
642 4345 733 4380 names
748 4331 771 4380 16
785 4331 906 4393 repeated
921 4346 955 4380 on
972 4331 1031 4380 Roll
1049 4331 1079 4390 B,
1097 4333 1150 4382 and
1166 4333 1221 4383 side
1238 4333 1272 4397 by

106 4411 164 4460 eide
176 4409 253 4459 other
264 4423 356 4458 names
369 4408 454 4474 (those
463 4409 566 4472 printed
577 4409 668 4471 below)
679 4409 746 4460 have
757 4409 822 4459 been
834 4409 918 4458 added
929 4409 957 4458 in
968 4424 1050 4472 many
1060 4410 1154 4460 hands.
