3170 5104
490 393 622 446 CORPUS
645 397 784 444 CHRISTI
808 393 899 443 GILD.

549 737 600 800 fu.
626 741 684 802 ca.
731 737 853 820 [lesi]

187 907 348 971 Robertus
367 907 407 970 de
423 907 558 970 Blaston
575 907 797 990 carpentarius
813 914 848 971 et
862 907 968 970 Alicia
984 929 1064 970 uxor
1079 907 1159 992 ejus,
1174 906 1280 970 Adam

21 1017 23 1094 J
125 1011 162 1074 de
183 1011 385 1075 Newenham
409 1019 443 1075 et
464 1011 605 1075 Isabella
626 1034 706 1075 uxor
727 1011 797 1097 ejus
817 1012 1023 1076 intraverunt
1043 1010 1281 1075 fraternitatem

124 1115 331 1180 etdederunt
346 1116 523 1180 elemosine
539 1137 614 1180 xxa
630 1125 664 1179 et
681 1138 796 1179 ceram
841 1115 934 1179 sol'
914 1138 945 1200 rJ
956 1138 978 1178 s.
995 1137 1142 1198 procera
1157 1115 1198 1178 H.

186 1220 229 1282 Et
245 1219 326 1284 dicti
342 1219 506 1283 Robertus
521 1227 556 1283 et
572 1219 678 1282 Adam
695 1219 913 1302 promiserunt
929 1241 985 1301 per
1003 1220 1100 1282 fidem
1122 1219 1338 1282 deservirem«)
1339 1237 1394 1277 mne
1403 1239 1427 1277 ro

126 1323 249 1387 Gilde
240 1347 275 1387 m
301 1324 404 1388 officio
424 1323 601 1408 carpentar'
627 1332 705 1387 ante
729 1324 870 1408 aliquem
895 1323 994 1386 alium
1019 1333 1053 1388 et
1077 1325 1110 1386 in
1135 1285 1409 1430 ᾳυαὶἰὴθῦἓξξδὲΐῑῐ

22 1420 25 1440 '
123 1438 191 1511 sept
192 1427 303 1492 imana
318 1451 421 1491 unum
438 1427 609 1490 denarium
625 1427 734 1489 minus
749 1449 848 1511 quam
869 1427 965 1490 alicui
987 1427 1083 1491 alteri
1104 1427 1282 1491 secundum

23 1571 24 1592 2
122 1554 290 1596 comunem
309 1554 438 1595 cursum
454 1531 588 1595 ville:I
591 1541 626 1594 ta
641 1529 728 1616 quod
743 1531 810 1594 sint
826 1540 882 1594 ext
884 1553 919 1594 ra
934 1531 1107 1595 servicium
1123 1532 1175 1596 vel
1197 1531 1283 1616 quod

22 1711 23 1716 J
122 1637 371 1720 premuniantur
386 1636 591 1700 sufficienter.
638 1636 681 1699 Et
697 1635 821 1708 habent
835 1635 922 1698 diem
938 1634 979 1699 de
995 1635 1158 1699 solucione
1178 1657 1283 1719 usque

22 1807 25 1825 ,
121 1741 160 1805 ad
176 1741 412 1805 exaltacionem
428 1749 540 1804 sancte
556 1737 670 1804 Orucis
685 1739 904 1824 predictorum
920 1763 971 1803 xx.
981 1762 1004 1803 s.

187 1845 301 1909 Simon
332 1844 373 1908 de
403 1843 584 1908 Cotenham
616 1843 656 1906 de
683 1842 853 1907 (lesterton
882 1853 916 1907 et
945 1843 1080 1907 Mobilis
1106 1866 1187 1907 uxor
1214 1843 1284 1927 ejus

123 1950 328 2012 intraverunt
358 1947 597 2011 fraternitatem
629 1956 663 2010 et
692 1945 853 2010 dederunt
880 1947 1053 2011 elemosine
1076 1946 1100 2031 j.
1128 1969 1223 2010 marc.
1250 1956 1284 2012 et

21 2111 22 2128 J
122 2053 175 2137 xiJ.
157 2051 217 2116 d.
244 2073 302 2135 pro
333 2073 413 2115 cera.
459 2050 514 2114 sol.
545 2049 641 2136 xijmd
668 2071 726 2134 pro
757 2071 830 2113 cera
860 2049 902 2112 H.
929 2059 963 2113 et
994 2050 1094 2115 habet
1125 2051 1211 2115 diem
1243 2052 1283 2116 ad

121 2075 355 2220 solvendum
346 2179 382 2219 1n
412 2156 494 2219 festo
525 2155 629 2218 sancti
659 2153 749 2218 Petri
779 2152 820 2217 ad
851 2154 995 2218 vincula¹
1026 2163 1060 2218 et
1090 2155 1182 2220 dabit
1211 2164 1285 2240 post
1298 2175 1360 2223 Boou
1361 2176 1394 2214 eu

122 2261 293 2325 decessum
313 2259 442 2344 Gildej
447 2281 576 2323 ,acram
598 2268 632 2323 et
652 2259 728 2322 dim.
745 2233 811 2343 etJ
805 2257 950 2322 r.odam
970 2267 1110 2324 terre²e
1114 2260 1283 2346 t.sol''1J.s.
1297 2221 1408 2272 pomi

120 2365 161 2450 vj.
173 2365 233 2448 [d]
249 2364 442 2448 th[esaurie]
459 2386 517 2449 per
532 2387 648 2427 manus
663 2364 787 2427 Thome
797 2281 844 2429 lle
861 2363 1032 2448 Oaumpes

189 2469 347 2532 Ricardus
382 2469 541 2533 Atteslow
572 2469 766 2552 capellanus
797 2469 912 2532 Petrus
948 2467 989 2532 de
1025 2469 1220 2532 Teversham
1251 2476 1285 2532 et

122 2578 235 2657 Agnes
250 2594 331 2636 uxor
347 2571 417 2657 ejus
432 2568 665 2653 'sintraverunt
682 2572 919 2635 fraternitatem
936 2580 968 2635 et
985 2572 1146 2635 dederunt
1166 2573 1284 2635 elemo-

121 2677 193 2740 sine
214 2675 246 2762 ij.
263 2698 358 2740 marc.
380 2685 414 2740 et
435 2676 563 2761 xviijd.
585 2698 643 2761 pro
665 2699 738 2740 cera
758 2687 792 2739 et
813 2676 867 2740 sol.
890 2676 977 2761 xviij.
989 2677 1018 2740 d.
1041 2677 1082 2740 H.
1105 2686 1139 2741 et
1159 2677 1285 2740 solvent

20 2855 21 2865 J
121 2779 290 2844 residuum
308 2779 380 2843 adf
378 2788 485 2842 estum
502 2787 603 2844 sancti
596 2779 814 2863 '.Johannisls
860 2780 946 2843 solt
933 2787 1040 2842 totum
1057 2780 1098 2844 H.

190 2883 372 2947 Richardus
403 2882 443 2946 de
474 2882 679 2998 Sprotforthe
710 2891 744 2946 et
772 2883 955 2966 Margareta
981 2905 1061 2946 uxor
1087 2883 1158 2968 ejus
1184 2883 1284 2947 intra·
1299 2911 1385 2961 special

121 2997 241 3052 verunt
263 2987 503 3051 fraternitatem
526 3009 566 3050 ex
589 2987 698 3070 gracia
720 2986 863 3070 speciali.
1299 2960 1350 3000 ‘m

189 3090 351 3154 Dominus
380 3090 529 3154 Andreas
559 3097 738 3174 perpetuus
769 3088 908 3153 vicarius
939 3090 1072 3154 ecclesie
1102 3113 1136 3154 ro
1139 3091 1286 3174 tu[n]de⁸

121 3193 261 3258 intravit
285 3193 525 3257 fraternitatem
551 3200 584 3256 et
609 3192 701 3255 dedit
728 3193 902 3257 elemosine
926 3193 1002 3258 dim.
1025 3216 1122 3258 marc.
1146 3203 1180 3258 et
1205 3195 1243 3280 vj.
1255 3196 1285 3260 d.

122 3321 182 3382 pro
208 3319 282 3360 cera
309 3307 343 3360 et
370 3295 470 3360 habet
497 3296 583 3360 diem
611 3295 653 3360 ad
679 3296 868 3360 solvendum
900 3297 933 3359 in
965 3298 1047 3361 festo
1078 3298 1286 3363 exaltacionis

19 3467 20 3478 J
122 3410 234 3465 sancte
250 3398 381 3465 Crucis:
404 3400 525 3485 pleggii
540 3399 707 3464 Johannes
723 3400 820 3484 Tyler
835 3408 870 3463 et
891 3399 1032 3464 Thomas
1053 3401 1237 3488 (lasteleym
1252 3413 1286 3468 et

18 3483 20 3532 3
122 3507 158 3569 in
183 3503 331 3590 quolibet
357 3527 442 3568 anno
466 3505 566 3568 trium
590 3502 778 3590 †anorum†
800 3527 888 3589 prox.
912 3517 1056 3588 sequent.
1081 3506 1157 3570 dim.
1181 3515 1439 3592 quartanarius

18 3613 20 3638 ”
124 3609 221 3673 ordei.

191 3711 354 3776 Dominus
369 3711 529 3774 Ricardus
544 3719 723 3796 perpetuus
740 3711 877 3774 vicarius
893 3711 1026 3776 ecclesie
1039 3715 1144 3778 sancti
1156 3715 1286 3780 Andree

125 3819 167 3881 de
190 3814 364 3882 Cesterton
388 3813 549 3896 iintravit
573 3815 811 3878 fraternitatem
837 3823 871 3879 et
892 3815 984 3879 dedit
1006 3817 1181 3883 elemosine
1202 3843 1253 3885 xx.
1263 3843 1286 3886 s.

123 3922 180 3986 sol.
197 3921 239 3985 H.
257 3928 291 3984 et
306 3919 347 4004 vj.
358 3919 387 3984 d.
404 3941 461 4002 pro
477 3941 549 3982 cera
565 3919 606 3982 H.
624 3928 657 3982 et
674 3919 773 3982 habet
788 3918 874 3982 diem
890 3919 930 3982 ad
947 3921 1137 3985 solvendum
1153 3923 1188 3985 in
1204 3925 1287 3990 festo

125 4025 232 4091 sancti
246 4025 336 4089 Petri
351 4023 394 4088 ad
410 4023 574 4108 vincula]r

177 4257 185 4288 ¹
202 4255 235 4304 In
247 4254 292 4304 the
304 4252 408 4316 margin
421 4259 436 4282 “
445 4253 543 4302 Nota.'’

175 4337 186 4368 ²
201 4336 254 4386 For
266 4335 320 4385 this
332 4337 409 4397 grant
420 4334 448 4383 oi
458 4332 522 4383 land
532 4332 561 4382 in
573 4331 737 4389 Ohesterton,
749 4346 791 4381 see
803 4331 948 4394 Appenffix,
961 4348 1005 4383 no.
1018 4336 1059 4386 39.

175 4419 186 4452 ⁸
203 4417 260 4466 MS.
273 4415 378 4466 ecclesie
390 4415 475 4468 saneti
486 4415 588 4466 Andros
600 4414 742 4478 rotu[n]de,
754 4414 788 4478 by
799 4415 939 4466 confusion
950 4416 1014 4468 with
1025 4417 1071 4468 the
1083 4421 1144 4470 next
1155 4422 1238 4483 entry.
