3170 5104
284 405 327 470 94
392 394 396 410 “
698 423 902 474 causamur
925 424 1034 474 aruns.

117 600 224 679 mm,
284 575 363 641 tatis
378 577 429 642 vel
452 600 565 643 eorum
588 601 785 646 successores
807 580 865 667 qui
888 603 946 666 pro
969 591 1116 666 tempore
1139 579 1262 644 fuerint
1285 579 1454 644 tenebunt

118 687 258 776 {ffiffl
282 681 453 746 annuatim
477 683 565 748 diem
589 684 802 749 anniversarii
828 685 880 750 sui
905 686 1093 772 sumptibus
1119 685 1206 750 dicte
1230 683 1453 752 fraternitatis

118 781 250 879 {fiffih‘
282 786 533 873 imperpetuum.
580 790 623 854 Et
649 789 677 854 si
704 811 802 875 quem
827 790 990 856 dictorum
1016 790 1165 877 magistri
1189 797 1224 854 et
1245 789 1449 853 confratrum
1484 857 1487 862 ⁴

138 878 264 967 fflffl
283 891 364 955 mori
375 892 551 979 contigerit
566 915 605 957 ex
622 901 710 958 certo
726 893 791 958 duo
807 894 935 959 torches
950 893 1038 958 dicte
1053 892 1269 958 fraternitatis
1284 892 1452 958 ardebunt

117 973 269 1071 iibiirffi
282 1017 389 1060 coram
404 1019 536 1083 corpore
552 1021 610 1062 suo
625 997 666 1063 ad
682 997 814 1063 missam
830 1022 923 1064 suam
938 1000 973 1063 in
989 999 1042 1064 die
1057 999 1224 1084 sepulture
1239 1020 1305 1062 sue.
1347 1059 1352 1066 .

117 1069 226 1168 bodinifh
216 1081 274 1159 nius
282 1125 311 1157 on
320 1116 359 1158 the
367 1116 524 1167 dsyotburtsl
1116 1133 1129 1172 ῃ

116 1293 220 1382 {mtffin
347 1293 375 1352 5.
420 1287 542 1353 Omnes
564 1290 698 1375 insuper
720 1291 898 1355 confratres
920 1289 1008 1354 dicte
1032 1289 1247 1354 fraternitatis
1269 1310 1450 1375 congrega-

117 1391 261 1477 mgfo‘ffoe‘
281 1390 405 1457 buntur
434 1394 529 1458 simul
562 1395 711 1478 quolibet
742 1417 827 1458 anno
857 1395 911 1459 die
942 1395 1019 1458 lune
1047 1394 1194 1479 proximo
1223 1402 1297 1479 post
1323 1395 1448 1459 festum

116 1486 216 1573 „83⁶¹”
280 1495 517 1581 purificacicnis
540 1499 636 1563 beate
661 1498 764 1564 Maris
787 1499 936 1584 virginis,
951 1499 992 1564 ad
1015 1499 1270 1583 assignacionem
1295 1499 1449 1584 magistri

117 1581 255 1670 {³52¹fo
280 1600 367 1665 dicte
388 1602 604 1668 fraternitatis
625 1602 683 1689 qui
704 1626 761 1686 pro
782 1612 929 1688 tempore
950 1604 1065 1668 fuerit:
1088 1611 1123 1667 et
1139 1603 1225 1688 quod
1241 1626 1354 1668 omnes
1370 1626 1447 1668 con-

117 1677 200 1718 Mastar
208 1687 246 1727 ep

116 1725 251 1813 porffipnu
281 1703 396 1770 fratres
421 1705 508 1770 dicte
535 1707 750 1772 fraternitatis
777 1707 875 1771 simul
903 1715 938 1772 et
967 1706 1101 1792 pacifice
1128 1707 1288 1772 cantilla
1317 1706 1372 1772 die
1403 1709 1447 1772 ad

117 1821 236 1910 &3¹32
243 1822 269 1863 to
280 1809 449 1874 ecclesiam
465 1811 572 1876 sancti
587 1811 747 1897 Botulphi
764 1820 798 1876 et
815 1812 945 1876 missam
961 1811 1085 1876 ibidem
1100 1812 1245 1877 audiant.

116 2052 248 2141 {home
346 2035 374 2098 6.
419 2031 559 2116 Insuper
579 2053 691 2096 omnes
712 2032 889 2097 confratres
910 2033 998 2097 dicte
1018 2032 1235 2098 fraternitatis
1253 2032 1447 2099 obedientes

116 2148 251 2246 &2⁸32OE
279 2158 313 2200 se
329 2136 498 2201 habebunt
514 2136 601 2201 dicto
617 2137 772 2222 magistro
788 2138 1002 2202 fraternitatis
1014 2136 1161 2223 predicte
1173 2137 1274 2201 etalii
1287 2139 1446 2224 magistro

116 2245 263 2335 &mm
279 2241 336 2327 qui
357 2264 414 2328 pro
434 2250 581 2327 tempore
603 2242 705 2308 fuerit
724 2252 759 2308 et
779 2244 885 2329 parati
905 2244 1055 2308 venientl
1073 2242 1116 2308 ad
1131 2243 1322 2307 citationem
1338 2265 1444 2310 suam.

116 2341 251 2430 ffltfp„
279 2346 323 2411 Et
352 2347 380 2410 si
411 2347 484 2432 quis
511 2345 672 2410 dictorum
696 2348 903 2423 confratrum,
928 2356 1002 2433 post
1025 2348 1146 2411 trinam
1171 2347 1444 2412 ammonicionem

279 2451 427 2536 magistri
450 2450 668 2515 fraternitatis
688 2449 835 2536 predicte
856 2451 914 2536 qui
935 2474 993 2536 pro
1017 2462 1163 2536 tempore
1185 2452 1293 2529 fuerit,
1312 2453 1445 2518 rebellis

278 2563 313 2621 et
334 2554 526 2620 inobediens
548 2555 746 2631 inveniatur,
769 2555 874 2619 solvat
900 2556 1047 2641 quinque
1070 2556 1169 2620 libras
1192 2578 1264 2620 cere
1287 2558 1445 2642 magistro

277 2661 493 2725 fraternitatis
507 2660 654 2746 predicte
670 2661 728 2746 qui
743 2683 801 2745 pro
816 2669 963 2746 tempore
979 2661 1087 2726 fucrit.

104 2900 257 2991 pomppotphe
345 2880 373 2946 ⁷.
419 2882 463 2946 Et
478 2881 563 2967 quod
579 2903 692 2945 omnes
707 2880 883 2946 confratres
899 2880 986 2947 dicte
1001 2881 1225 2961 fraternitatis,
1241 2883 1283 2948 ad
1297 2885 1443 2970 assigna-

113 2997 260 3085 mnam
279 3009 405 3052 cionem
420 2986 569 3073 magistri
585 3008 696 3050 eorum
714 2986 769 3072 qui
782 3008 840 3071 pro
853 2994 1000 3072 tempore
1012 2986 1120 3065 fuerit,
1132 2987 1266 3053 veniant
1281 2989 1323 3052 ad
1338 3011 1442 3054 unum

115 3092 266 3182 fflffl‘
278 3101 404 3156 certum
429 3091 536 3156 locum
562 3090 604 3155 ad
630 3089 830 3154 audiendum
857 3098 1044 3175 compotum
1075 3091 1305 3157 racionabilem
1336 3102 1372 3158 et
1401 3094 1443 3158 ad

115 3189 248 3284 ffi'ffiw
279 3197 465 3284 eligendum
489 3197 518 3261 si
539 3217 668 3260 necesse
693 3197 793 3260 fuerit
816 3218 918 3260 unum
942 3218 1065 3259 novum
1088 3198 1282 3282 magistrum
1304 3207 1340 3263 et
1362 3200 1442 3263 alios

114 3282 172 3332 ”⁸¹¹²
279 3301 444 3376 ministros
458 3301 499 3364 ad
516 3300 641 3364 dictum
658 3299 771 3364 lumen
786 3298 1047 3364 custodiendum.

114 3539 266 3590 sonentra
344 3527 372 3588 8.
403 3523 448 3586 Et
462 3545 537 3587 cum
549 3522 669 3607 aliquis
680 3522 714 3585 in
730 3522 853 3587 dictam
866 3521 1106 3586 fraternitatem
1118 3521 1218 3586 fuerit
1229 3522 1441 3607 ingressurus,

114 3588 210 3723 3ῗὲἕὲ
278 3627 376 3691 faciet
395 3627 433 3691 ad
456 3628 639 3713 ingressum
660 3649 756 3691 suum
775 3625 986 3691 securitatem
1008 3633 1042 3690 et
1064 3625 1163 3689 fidem
1180 3626 1335 3712 magistro
1353 3627 1439 3692 dicte

113 3693 218 3773 Μ’]
278 3730 493 3796 fraternitatis
511 3731 568 3816 qui
590 3751 648 3815 pro
669 3738 817 3816 tempore
833 3729 942 3807 fuerit,
959 3728 1001 3793 ad
1016 3729 1126 3794 omnia
1141 3725 1299 3814 premissa
1313 3752 1439 3795 conser-

114 3780 233 3927 ἓξὲξ,
277 3834 392 3914 venda,
410 3843 445 3900 et
467 3823 668 3900 osculabitur
690 3857 802 3898 omnes
825 3833 1004 3898 confratres
1026 3854 1100 3897 suos
1123 3832 1158 3896 in
1179 3832 1437 3918 recognicionem

277 3939 494 4006 fraternitatis
517 3937 670 4024 predicte.
725 3937 770 4000 Et
792 3937 833 4001 ad
856 3937 915 4001 hec
943 3935 1053 4000 omnia
1080 3944 1115 4000 et
1141 3935 1270 4022 singula
1295 3936 1380 4002 bene
1406 3945 1440 4002 et

278 4044 419 4109 fideliter
448 4042 657 4119 observanda,
687 4049 755 4106 tam
791 4039 900 4116 dictus
937 4039 1093 4124 magister
1129 4062 1228 4126 quam
1265 4041 1440 4105 confratres

278 4147 494 4213 fraternitatis
513 4145 659 4233 predicte
680 4146 777 4211 tactis
796 4144 1008 4210 sacrosanctis
1031 4143 1217 4229 euangeliis
1237 4143 1302 4208 fide
1325 4144 1440 4221 media,

114 4263 202 4360 gorgia,
211 4312 258 4354 rus
279 4252 441 4339 corporale
453 4251 670 4337 prestiterunt
680 4249 918 4334 juramentum.
954 4248 1079 4312 Datum
1092 4247 1180 4334 apud
1192 4245 1437 4334 Cantabrigiam

764 4465 774 4496 ¹
791 4465 846 4517 ΜΒ.
859 4465 954 4516 veniat.
