3194 5120
318 1306 558 1408 MINUTES
594 1307 661 1383 OF
696 1308 803 1383 THE
839 1308 1049 1384 OORPUS
1085 1307 1299 1384 CHRISTI
1337 1309 1480 1383 GILD.

522 1557 571 1642 [C.
596 1557 631 1626 O.
655 1558 691 1624 C.
714 1559 882 1644 Treasury,
906 1559 1041 1625 Drawer
1062 1564 1114 1637 31,
1139 1560 1199 1624 Νο.
1225 1559 1279 1642 1¹.]

740 1801 791 1866 for.
816 1802 875 1866 rb.
922 1801 1047 1886 [rato]

236 1991 281 2021 τοῦ
383 1970 664 2056 [Jan.27‚1350.]
709 1973 956 2038 Memorandum
980 1974 1067 2060 quod
1091 1974 1159 2038 Rie.
1180 1975 1286 2038 Powel
1308 1981 1343 2038 et
1364 1973 1484 2038 Simon

318 2074 477 2140 Sherman
512 2075 607 2141 electi
641 2076 847 2141 Thesaurarii
881 2077 969 2162 gilde
1006 2077 1047 2142 de
1065 2076 1227 2164 'Corpore
1264 2077 1389 2143 Christi
1426 2077 1482 2142 die

318 2179 469 2244 Mercurii
505 2202 592 2265 prox.
623 2188 696 2265 post
732 2181 853 2245 festum
888 2181 1104 2245 conversionis
1134 2181 1239 2246 sancti
1269 2180 1363 2245 Pauli
1394 2203 1484 2244 anno

318 2283 439 2348 domini
463 2292 504 2347 Μ0
519 2301 590 2350 ccc.
605 2284 680 2349 xlix.

384 2391 451 2456 Ric.
477 2390 633 2478 [Nohl]
658 2389 810 2476 Appelby
833 2398 867 2454 et
893 2389 1047 2454 Johanna
1072 2411 1152 2453 uxor
1176 2388 1485 2475 ejusintravcrunt

317 2495 554 2560 fraternitatem
577 2516 635 2579 per
658 2496 756 2560 finem
780 2492 856 2559 dim.
880 2517 976 2558 marc.
1021 2494 1075 2558 sol.
1100 2493 1132 2559 S.
1156 2493 1326 2559 Sherman.

382 2599 463 2664 Rob.
480 2599 586 2682 Herry
602 2606 636 2662 et
652 2597 749 2662 Sarra
765 2620 845 2661 uxor
861 2597 932 2683 ejus
948 2598 1112 2662 intrantur
1126 2597 1206 2662 alibi
1221 2620 1278 2683 pro
1300 2621 1343 2661 xx
1353 2621 1376 2663 a
1392 2597 1485 2662 unde

317 2702 371 2766 sol.
388 2702 428 2787 vj.
438 2725 462 2767 a.
477 2725 535 2787 per
551 2703 618 2768 Pet.
636 2703 665 2767 le
682 2701 751 2768 Ook
769 2712 804 2766 et
819 2711 870 2766 est
885 2703 1012 2788 plegius
1028 2724 1084 2788 pro
1099 2701 1237 2767 residue.

384 2806 535 2871 Matillda
559 2830 640 2871 uxor
662 2806 823 2872 Johannis
847 2806 888 2872 de
911 2807 1056 2892 lmpiton
1080 2807 1216 2871 intravit
1238 2807 1484 2872 fraternitatem

316 2933 374 2996 per
390 2911 487 2976 finem
504 2934 555 2977 ve.
573 2921 607 2976 et
622 2912 664 2997 vj.
676 2911 733 2996 [d]
750 2934 902 2997 procera.
948 2913 1002 2977 sol.
1019 2913 1057 2976 R.
1075 2913 1221 2996 P[owel].

381 3019 493 3103 Agnes
523 3041 603 3082 uxor
633 3017 757 3082 Thorne
789 3017 949 3103 Kastelyn
979 3017 1116 3082 intravit
1146 3016 1386 3081 fraternitatem
1421 3038 1487 3100 per

316 3122 415 3188 finem
439 3145 491 3187 vc.
516 3131 550 3187 et
572 3121 603 3207 vj
615 3121 645 3186 d.
668 3143 726 3206 pro
749 3143 830 3185 cera.
876 3120 975 3184 soluit
999 3128 1107 3184 totum
1112 3169 1192 3184 ......

383 3226 467 3290 Hen.
489 3225 519 3289 le
540 3225 666 3289 Radere
687 3232 721 3288 et
742 3223 828 3288 Will.
852 3224 952 3288 frater
966 3245 1051 3300 suus,
1069 3223 1159 3308 Rog„
1176 3221 1319 3298 Mabilia,
1335 3222 1432 3298 Heu„
1447 3231 1488 3286 et

317 3329 423 3406 Walt,
445 3329 651 3393 intraverunt
673 3328 913 3392 fraternitatem
937 3349 994 3411 pro
1017 3349 1083 3391 una
1105 3349 1200 3391 marc.
1223 3334 1256 3390 et
1279 3326 1311 3411 ij.
1324 3325 1381 3391 lib.
1400 3348 1486 3392 cere.
1595 3403 1596 3410 ἵ

316 3434 371 3499 sol.
388 3455 483 3498 mare.
502 3431 668 3517 R[ieardo]
685 3431 783 3496 debet
798 3453 913 3495 ceram.
958 3430 1013 3496 sol.
1029 3430 1064 3495 Τ.
1081 3431 1121 3494 de
1138 3429 1319 3514 O[ampes].

381 3538 456 3603 Joh.
473 3538 597 3602 Barker
612 3546 646 3601 et
662 3537 797 3622 Margar.
820 3559 900 3600 uxor
921 3536 992 3619 ejus
1012 3536 1218 3600 intraverunt
1238 3535 1486 3599 fraternitatem

317 3667 374 3732 per
389 3644 487 3708 finem
503 3666 523 3706 x
533 3665 557 3707 a.
574 3649 607 3706 et
623 3641 666 3727 xij
678 3642 707 3707 d.
724 3664 783 3727 pro
798 3663 879 3706 cera.
925 3641 980 3705 sol.
997 3641 1121 3704 Thome
1139 3639 1318 3724 C[ampes].

382 3747 416 3813 N
417 3747 455 3812 ie.
467 3746 507 3811 de
523 3745 732 3821 Haneworth,
744 3745 864 3810 Rector
875 3744 916 3808 de
928 3744 1076 3822 Silverle,
1088 3743 1227 3808 intravit
1239 3742 1487 3807 fraternitatem

317 3875 374 3939 per
388 3852 486 3917 finem
499 3851 523 3938 j.
541 3873 636 3916 marc.
652 3859 686 3915 et
702 3871 781 3914 cere.
828 3849 883 3914 sol.
901 3871 998 3914 marc.
1016 3849 1116 3913 debet
1132 3871 1248 3912 ceram.

366 4051 374 4082 ¹
391 4047 505 4099 Written
520 4062 554 4097 on
571 4061 658 4110 perper,
671 4045 758 4096 folded
773 4048 800 4096 to
816 4047 884 4095 form
900 4060 916 4095 e
931 4045 1009 4095 book.
1044 4044 1100 4094 The
1116 4045 1203 4095 leaves
1218 4057 1262 4094 ere
1274 4045 1321 4092 not
1332 4041 1361 4090 in
1372 4041 1489 4091 chrono-

316 4132 411 4194 logical
425 4145 565 4194 sequence3
583 4129 645 4194 they
657 4144 700 4179 are
717 4130 797 4178 taken
814 4128 895 4178 below
906 4128 934 4177 in
947 4127 1141 4190 chronological
1153 4140 1278 4189 sequence
1291 4139 1320 4175 as
1332 4124 1374 4174 fer
1385 4139 1417 4174 ee
1429 4124 1490 4174 this

317 4215 340 4264 ie
351 4213 546 4265 ascertainable.

253 4329 256 4336 ,
366 4297 530 4348 Theantriee
547 4310 591 4346 ere
606 4294 728 4345 recorded
742 4294 771 4344 in
789 4295 887 4345 several
902 4293 998 4344 hands.
1031 4293 1134 4342 Alater
1149 4291 1231 4341 scribe
1246 4290 1296 4339 hae
1311 4290 1419 4340 entered
1439 4290 1490 4340 the

317 4383 380 4432 final
392 4385 533 4430 statement
544 4378 690 4442 respecting
701 4378 746 4428 the
757 4382 889 4441 payment,
902 4377 946 4426 the
961 4380 978 4404 “
986 4375 1064 4425 solvit
1076 4373 1190 4434 totum‚''
1206 4388 1235 4422 or
1247 4371 1291 4421 the
1303 4386 1382 4421 name
1395 4373 1423 4421 ol
1439 4372 1488 4421 the

317 4479 437 4514 recenter.
