3170 5104
5 659 9 750 l

481 445 613 494 GORPUS
636 445 774 492 CHRISTI
797 441 888 490 GILD.

106 601 273 666 Dominus
294 602 436 666 Thomas
457 601 498 666 de
519 603 739 667 Brothertone
761 599 878 666 Comes

201 706 395 770 Mareschal¹

104 811 218 876 Alioia
242 833 323 875 uxor
346 813 435 896 ejus²
921 803 1055 869 Mortui.
1128 804 1171 867 Et
1212 823 1270 886 pro

106 915 290 979 Edwardus
313 916 402 979 filius
426 915 618 980 eorundem³
942 901 1094 972 omnibus
1121 906 1204 970 vivis
1236 913 1270 968 et

105 1019 217 1084 Alicia
239 1020 308 1083 filia
330 1019 527 1084 eorundem⁴
942 1010 1108 1076 defunctis
1124 1031 1182 1094 pro
1198 1008 1270 1095 qui-

105 1122 278 1187 Johannes
301 1123 342 1187 de
366 1123 523 1208 Segrave⁶
942 1113 1270 1178 busdictusdominus

5 1275 7 1296 ,
105 1227 512 1291 JohannesetJohannes
533 1226 593 1289 filii
615 1224 696 1289 dicti
715 1224 878 1288 Johannis
943 1217 1110 1282 Walterus
1130 1225 1166 1281 et
1181 1216 1270 1280 diota
1350 1245 1353 1252 ·

197 1331 341 1416 Segrave
942 1322 1073 1386 domina
1085 1321 1271 1406 Margareta

109 1433 299 1518 Margareta
313 1434 382 1496 filia
397 1433 479 1496 dieti
495 1433 516 1498 J
519 1433 657 1496 ohannis
673 1432 817 1516 Segrave
943 1435 1108 1491 tenentur.

108 1536 277 1601 Walterus
301 1535 400 1602 Child

106 1639 228 1702 Frater
250 1637 421 1702 Johannes
443 1638 484 1702 de
508 1637 637 1723 Vyllers

616 1897 684 1962 leaf
705 1897 764 1962 ab.

174 2069 342 2133 Johannes
374 2070 414 2134 de
446 2071 676 2156 Goldyngham
707 2070 801 2134 miles
829 2079 863 2133 et
894 2069 1028 2132 Elianor
1054 2068 1153 2131 ⁰uxor
1179 2067 1268 2151 ejus⁰

107 2173 317 2237 intraverunt
339 2175 581 2239 fraternitatem
607 2187 640 2238 et
667 2174 830 2239 dederunt
857 2173 1105 2238 advoeaoionem
1133 2172 1267 2236 ecclesie
1281 2156 1398 2246 lim„

107 2277 149 2341 de
174 2278 362 2378 Clrekeyell
385 2280 523 2344 London
546 2281 640 2344 dios’⁶
662 2303 718 2364 pro
741 2279 914 2343 animabus
941 2278 1008 2342 suis
1035 2285 1069 2342 et
1096 2275 1268 2340 animabus

106 2390 241 2468 patrum
279 2393 313 2448 et
349 2393 493 2448 matrum
530 2407 661 2448 suorum
698 2392 733 2447 et
771 2405 830 2468 pro
866 2382 1017 2446 omnibus
1053 2403 1112 2466 pro
1147 2380 1267 2465 quibus

108 2493 275 2550 tenentur,

174 2589 361 2655 Willelmus
391 2591 494 2677 anly
526 2593 566 2656 de
594 2593 656 2679 Ely
683 2593 796 2657 vivens
824 2601 857 2656 et
886 2591 1049 2655 Robertus
1075 2590 1199 2654 Mound
1227 2589 1267 2652 de
1280 2582 1396 2670 ξξῆξξζᾱ

108 2695 290 2760 Hemstede
307 2707 455 2761 mortuus
470 2697 679 2761 intraverunt
695 2697 937 2760 fraternitatem
954 2705 988 2759 et
1004 2695 1166 2759 dederuut
1189 2695 1229 2760 xl.
1242 2717 1266 2760 a.
1280 2677 1385 2718 'mm'

107 2801 148 2864 ad
166 2801 277 2865 stallos
293 2810 326 2865 et
343 2802 383 2864 ad
400 2802 579 2866 fenestras:
602 2802 731 2888 plegius
748 2802 868 2866 Rector
883 2802 922 2864 de
939 2800 1111 2866 Saunford.

173 2905 343 2970 Johaunes
366 2906 407 2970 de
434 2906 625 2990 Repyngale
653 2915 687 2969 et
715 2906 827 2993 Agnes
854 2929 936 2969 uxor
962 2906 1032 2990 ejus
1058 2905 1267 2969 intraverunt

109 3011 350 3075 fraternitatem
383 3020 417 3076 et
447 2995 557 3076 dictus
584 3012 753 3076 «lohannes
790 3011 939 3096 promisit
975 3033 1070 3074 suum
1107 3010 1267 3074 auxilium
1281 2991 1392 3090 dimisae

109 3114 240 3179 bonurn.

176 3219 245 3284 Ric.
268 3220 419 3305 Fizwyoh
440 3231 475 3286 et
497 3221 669 3286 Elisabeth
693 3244 775 3284 uxor
795 3222 864 3307 ejus
885 3230 919 3285 et
940 3221 1082 3284 Thomas
1100 3220 1218 3284 Senior
1233 3231 1267 3283 et

110 3321 253 3388 Isabella
268 3324 386 3389 Senior
401 3325 608 3389 intraverunt
623 3327 865 3389 fraternitatem
882 3348 922 3389 ex
937 3325 1046 3410 gracia
1061 3324 1202 3409 speciali.
1280 3296 1366 3394 mu

299 3508 301 3513 Ι
358 3529 467 3628 (Here
483 3527 590 3591 follow
607 3550 696 3593 some
712 3528 834 3613 oollege
850 3529 1028 3610 accounts)

160 3807 167 3838 ¹
186 3807 226 3856 He
238 3822 291 3856 was
303 3807 478 3857 half-brother
489 3809 516 3856 of
527 3807 638 3858 Edward
650 3809 696 3866 11..
709 3809 772 3857 Earl
784 3810 811 3858 of
822 3809 930 3858 Norfollr
942 3809 994 3858 and
1007 3809 1131 3868 Marslral‚
1144 3809 1168 3860 d
1185 3811 1258 3859 1338.

158 3889 168 3920 ²
184 3890 234 3938 His
246 3891 302 3938 first
314 3891 371 3938 wife
383 3905 435 3939 was
446 3890 526 3948 Aliae,
539 3891 666 3953 daughter
678 3892 706 3939 of
717 3892 759 3941 Sir
770 3893 853 3953 Roger
864 3893 946 3942 Hales
955 3892 984 3940 of
993 3891 1122 3942 Harwioh.

156 3973 167 4005 ⁸
184 3973 249 4023 Diod
260 3974 346 4022 before
357 3973 401 4022 his
413 3969 510 4024 father.v

156 4057 167 4088 ⁴
185 4056 297 4106 Married
310 4056 351 4106 Sir
363 4055 473 4105 Edward
485 4056 516 4105 de
529 4057 687 4106 Montaoute.

156 4137 167 4168 ⁵
184 4138 239 4187 The
250 4138 306 4186 first
318 4136 439 4186 husband
450 4138 478 4186 of
490 4138 531 4187 Sir
542 4138 641 4186 Walter
653 4137 774 4200 Manny’s
786 4137 843 4187 wife
855 4138 992 4200 Margaret.

157 4219 216 4268 ⁰In
233 4219 277 4268 the
293 4219 395 4280 margin
414 4219 507 4268 “Nota
523 4218 614 4268 bene.'’
649 4219 703 4268 The
720 4219 790 4280 right
807 4220 836 4268 of
850 4220 1027 4282 presentation
1044 4236 1098 4270 was
1113 4221 1267 4285 apparently

110 4315 187 4350 never
203 4301 333 4351 exeroised
350 4301 384 4363 by
401 4301 446 4350 the
463 4301 572 4362 Oollege.
608 4301 727 4361 MasterS,
745 4315 769 4363 p.
784 4302 807 4352 6.
845 4302 900 4350 The
912 4306 988 4364 grant
1000 4303 1028 4351 of
1038 4303 1082 4352 the
1093 4304 1232 4352 advowson
1244 4305 1266 4352 is
1332 4333 1335 4338 ·

109 4382 136 4430 in
158 4383 262 4432 Drawer
285 4384 325 4444 31,
351 4383 399 4431 Νο.
423 4384 462 4442 82,
489 4397 531 4432 see
552 4382 619 4445 App.
641 4383 689 4431 No.
708 4381 740 4430 56
760 4382 856 4444 [1361]
891 4385 931 4433 On
950 4383 996 4433 the
1015 4384 1206 4447 Goldinghama
1226 4399 1267 4434 see

110 4464 235 4514 Morant's
247 4467 327 4515 Esses
338 4479 357 4513 Ι.
371 4465 425 4515 165.
