3170 5104
278 391 321 456 86
693 402 895 454 causamur
917 405 1026 454 crans.

114 558 252 648 &53¹1th
279 561 374 626 mode
394 561 515 647 poterit
533 559 713 626 secundum
734 561 908 626 facultates
923 582 998 626 suas
1016 558 1144 625 dabunt
1159 565 1194 623 et
1209 558 1387 634 conferent,
1404 579 1442 622 ac

115 653 266 742 l'ffill'ff‘*
279 673 353 750 post
374 665 445 750 ejus
467 674 604 730 mortem
629 665 815 750 sumptibus
837 664 993 750 predictis
1015 685 1131 747 corpus
1153 685 1250 726 suum
1271 661 1441 725 honestius

115 749 231 790 mmm*
280 769 401 833 facient
419 769 559 855 sepeliri,
580 768 644 834 nisi
664 768 809 855 predicte
831 788 972 852 expense
993 765 1185 852 hujusmodi
1200 765 1241 829 de
1257 764 1345 830 dicta
1358 763 1444 828 cista

280 874 347 938 sive
362 872 472 959 pixide
488 873 654 937 commode
666 873 813 958 poterint
825 871 895 936 fieri
907 880 946 936 ut
958 869 1163 956 premittitur
1174 869 1239 952 (et)
1250 868 1440 954 impendi...

117 966 268 1054 Ξξῖοἷξοω
279 978 384 1062 (torn)
449 977 493 1042 Et
505 976 651 1062 predicta
663 976 734 1041 fieri
750 985 948 1061 promotores
964 975 1021 1060 qui
1035 997 1094 1060 pro
1109 982 1256 1060 tempore
1272 973 1444 1039 extiterint

116 1061 238 1103 tauchis
280 1082 453 1167 diligenter
466 1080 693 1166 procurabunt.

116 1276 245 1365 0⁷51&ss
348 1281 376 1347 7.
433 1283 519 1348 Item
557 1291 596 1348 ut
633 1282 811 1348 invalescat
841 1282 1009 1348 concordie
1039 1282 1149 1346 unitas
1187 1289 1221 1347 et
1257 1281 1444 1346 animarum

282 1387 472 1481 idemptitas
487 1388 574 1452 inter
588 1410 647 1452 nos
661 1387 880 1466 continuetur,
895 1387 1073 1453 statuimus
1094 1393 1128 1451 et
1148 1386 1335 1450 ordinamus
1354 1383 1445 1471 quod

282 1493 310 1557 si
332 1515 396 1580 que
418 1493 653 1570 contenciones,
672 1491 793 1579 jurgia,
816 1491 958 1570 dissidia,
982 1492 1059 1556 lites
1082 1490 1134 1556 vel
1164 1491 1233 1556 rixe
1259 1491 1347 1555 inter
1368 1511 1445 1554 con·

118 1597 263 1687 fflsshlsltgdffl
282 1597 398 1662 fratres
418 1597 470 1662 vel
490 1619 612 1662 sorores
634 1596 722 1682 gilde
742 1603 852 1660 nostre
872 1595 1019 1682 predicte
1034 1594 1167 1659 suborte
1183 1593 1318 1671 fuerint,¹
1329 1591 1444 1657 statim

118 1694 230 1790 bibliis
282 1708 390 1766 custos
404 1700 492 1788 gilde
506 1708 616 1765 nostre
631 1699 778 1786 predicte
794 1700 852 1786 qui
866 1723 925 1786 pro
940 1707 1087 1784 ternpore
1103 1699 1211 1775 fuerit,
1226 1698 1311 1764 infra
1326 1697 1359 1760 vi
1374 1697 1446 1762 dies

119 1787 261 1877 iiilibbilh
281 1827 302 1869 a
310 1813 456 1891 tempore
465 1805 603 1870 sciencie
615 1812 649 1870 et
662 1805 781 1870 noticia
794 1805 1037 1891 computandos,
1046 1828 1121 1870 cum
1133 1803 1254 1868 auxilio
1266 1812 1300 1868 et
1311 1801 1447 1867 consilio

118 1885 142 1924 of
150 1887 162 1924 2
170 1885 194 1923 of
202 1884 241 1924 the

119 1931 236 2019 prpggrppp
281 1907 420 1973 duorum
441 1909 580 1974 fratrum
603 1909 708 1974 tocius
730 1909 818 1993 gilde
840 1931 897 1974 seu
921 1909 1138 1976 fraternitatis
1159 1915 1269 1972 nostre
1289 1905 1447 1992 predicte,

118 2025 269 2114 {lrffigffid
282 2035 362 2098 quos
377 2013 465 2079 idem
482 2022 591 2079 custos
607 2022 641 2080 et
655 2023 856 2100 promotores
871 2015 929 2101 qui
943 2037 1002 2100 pro
1018 2023 1166 2100 tempore
1180 2013 1311 2092 fuerint,
1320 2012 1447 2076 virtute

118 2121 271 2210 fflghoeff
283 2139 396 2182 eorum
407 2117 673 2197 immentorum,
686 2118 726 2183 de
742 2117 940 2184 fidelioribus
956 2126 990 2182 et
1005 2116 1248 2183 discretioribus
1264 2124 1298 2182 et
1312 2115 1447 2202 utrique

119 2217 257 2313 llllitlm.
282 2221 370 2306 parti
392 2222 655 2288 indifferentibus
677 2223 831 2288 duxerint
854 2223 1029 2308 eligendos,
1051 2221 1155 2287 dictas
1176 2222 1264 2298 rixas
1286 2244 1342 2286 seu
1369 2244 1446 2286 con-

119 2311 224 2361 ΝΜ]
285 2325 450 2390 tenciones
465 2325 577 2392 sedare
593 2326 758 2416 studeant,
769 2326 858 2390 omni
873 2326 982 2390 favore
998 2334 1032 2390 et
1046 2325 1220 2390 affeccione
1235 2325 1447 2410 postpositis:

210 2451 212 2456 ·
284 2439 318 2493 et
330 2429 358 2494 si
369 2430 493 2515 aliqua¹
509 2452 583 2514 pars
598 2430 736 2494 fratrum
753 2439 937 2494 nostrorum
948 2429 1174 2516 jurgancium²
1189 2452 1246 2494 seu
1262 2429 1447 2496 adinvicem

284 2533 490 2620 litigancium
517 2534 701 2619 predictum
732 2535 902 2599 custodem
929 2542 964 2599 et
990 2535 1093 2599 dictos
1119 2535 1296 2599 confratres
1319 2535 1359 2598 ad
1385 2536 1448 2600 hoe

284 2638 403 2704 electos
420 2637 596 2724 justificari
615 2639 767 2718 noluerit,
787 2661 844 2704 seu
865 2639 926 2703 hoc
947 2639 1048 2703 tacite
1074 2639 1125 2703 vel
1146 2661 1296 2724 expresse
1319 2663 1447 2705 recusa-

284 2741 377 2819 verit,
388 2742 501 2811 statim
518 2764 556 2806 eo
571 2742 642 2828 ipso
654 2743 706 2821 sit,
719 2744 803 2807 infra
814 2743 846 2808 vi
858 2742 928 2808 dies
939 2743 982 2808 ab
993 2766 1031 2808 eo
1043 2752 1190 2830 tempore
1203 2745 1447 2831 computandos,

120 2855 238 2944 5233&oe
284 2869 348 2932 quo
366 2868 423 2932 per
443 2847 611 2911 custodem
632 2856 667 2912 et
686 2849 790 2912 dictos
806 2850 982 2914 confratres
998 2849 1143 2914 monitus
1159 2851 1267 2928 fuerit,
1283 2859 1447 2915 eteorum

120 2951 226 3048 {pfflgffi
283 2950 425 3015 arbitrio
441 2951 649 3036 [justificare]
673 2953 815 3019 noluerit
838 2977 892 3018 seu
922 2954 1127 3030 recusaverit,
1150 2953 1183 3017 in
1208 2954 1242 3018 xl
1252 2955 1282 3020 d.
1305 2955 1346 3019 ad
1376 2977 1447 3019 sus-

284 3055 503 3120 tentacionem
530 3056 611 3120 dicti
641 3057 776 3122 luminis
806 3058 979 3136 solvendis,
1009 3080 1066 3143 per
1095 3081 1192 3122 suum
1218 3059 1447 3143 juramentum

120 3164 263 3254 ssgpfflgvssd
283 3160 437 3226 astrictus
460 3170 592 3226 maneat
613 3171 647 3227 et
667 3163 839 3248 obligatus,
856 3164 1008 3230 omnibus
1024 3164 1098 3228 aliis
1113 3164 1265 3229 remediis
1280 3163 1344 3229 sibi
1359 3187 1447 3228 com-

282 3263 474 3348 petentibus
489 3265 587 3330 salvis
603 3266 811 3353 ubicumque.

121 3486 271 3576 smplperppgg
349 3478 377 3538 8.
428 3473 581 3538 Preterea
600 3475 749 3539 volumus
772 3482 806 3539 et
825 3473 1013 3539 ordinamus
1034 3483 1069 3540 et
1088 3476 1264 3542 statuimus
1285 3477 1370 3543 inter
1387 3501 1447 3543 nos

120 3547 239 3671 Etffiffiffifl
284 3585 424 3663 quatuor
439 3577 580 3642 torchias
595 3601 653 3663 pro
670 3579 783 3644 officiis
799 3579 934 3644 cuilibet
950 3580 1065 3663 [fratri
1081 3581 1132 3645 vel
1154 3581 1253 3646 sorori
1274 3581 1446 3647 decedenti

120 3677 271 3765 {figffigffl
284 3681 466 3766 providere]
488 3690 522 3746 et
543 3704 598 3747 eas
618 3682 754 3748 honeste
776 3682 955 3748 sustentari
970 3691 1004 3748 et
1020 3706 1078 3769 per
1093 3707 1205 3750 omnes
1219 3687 1397 3771 confratres
1413 3695 1447 3750 et

120 3772 271 3860 aspenpgppro
284 3809 405 3851 sorores
421 3787 508 3852 dicte
524 3798 631 3852 nostre
646 3788 735 3875 gilde
751 3812 808 3854 seu
825 3789 1049 3866 fratemitatis‚
1062 3790 1119 3874 qui
1135 3813 1192 3875 per
1207 3791 1375 3856 custodem
1387 3813 1446 3855 seu

147 3879 159 3908 e
167 3867 265 3908 Warden

120 3915 272 4004 gfflffissss'
284 3900 484 3976 promotores
508 3893 565 3978 qui
589 3915 647 3978 pro
673 3903 819 3978 tempore
844 3893 1016 3958 extiterint
1040 3917 1098 3980 per
1119 3895 1311 3980 juramenta
1333 3917 1446 3959 eorum

121 4021 241 4060 naseam
286 3995 423 4079 prestita
445 3996 487 4060 ad
512 4003 640 4060 earum³
665 3997 928 4083 repparacionem
956 4005 990 4062 et
1017 3998 1290 4062 sustentacionem
1314 3999 1355 4063 de
1379 4000 1447 4064 suis

285 4099 379 4163 bonis
408 4101 546 4185 propriis
575 4101 657 4166 citra
686 4124 892 4166 communem
923 4103 1039 4166 cistam
1070 4102 1138 4166 sive
1168 4101 1323 4188 pixidem,
1349 4114 1447 4188 prout

120 4212 260 4301 mm
285 4204 433 4291 quisquis
460 4228 571 4270 eorum
602 4207 769 4272 commode
799 4207 930 4292 poterit,
960 4207 1140 4272 secundum
1170 4207 1342 4272 facultates
1372 4231 1447 4272 suas

496 4369 506 4400 1
524 4369 579 4420 MS.
592 4369 686 4432 alique.
958 4369 969 4402 ²
985 4369 1040 4422 Ms.
1054 4369 1232 4434 iurgandium.

750 4451 761 4484 ³
777 4451 832 4504 ΜΒ.
846 4467 945 4529 eorum.
