3170 5104
534 381 572 428 sn
594 361 827 428 narnnmun’s
849 379 940 427 oran.
1045 427 1049 437 ,
1273 363 1316 427 89

156 541 294 618 quantes
320 533 443 598 virtute
465 534 647 619 juramenti
672 532 804 619 prestiti
827 533 860 597 xl
870 532 901 599 d.
924 532 966 597 ad
989 531 1069 597 dicti
1092 531 1226 596 luminis
1250 530 1317 594 sive

157 634 354 699 torchiarum
379 635 656 700 sustentacionem
682 636 846 721 persolvet
869 643 904 700 et
926 635 984 720 qui
1006 634 1052 698 sic
1075 633 1172 698 electi
1195 632 1318 698 fuerint

155 737 218 822 [in]
238 747 441 824 promotores
456 738 514 822 (si)
528 738 678 804 differtur
696 747 731 804 et
749 737 946 805 recusaverit
964 737 1105 822 quilibet
1125 759 1237 803 eorum
1258 736 1283 800 ii
1293 759 1317 802 a
1330 744 1468 834 fflgfr

154 841 268 906 eodem
284 843 380 906 modo
394 850 563 907 remaneat
579 842 752 928 obligatus.
791 841 897 921 Quem
914 841 1047 925 quidem
1062 841 1230 906 custodem
1250 862 1317 904 om·
1330 867 1462 910 warranto

153 945 251 1011 nibus
271 947 427 1010 fratribus
448 954 482 1010 et
502 945 665 1010 sororibus
685 945 773 1009 dicte
794 952 903 1010 nostre
918 944 1008 1032 gilde
1024 967 1150 1031 preesse
1167 945 1317 1010 volumus
1330 915 1459 1015 filiiflii}

152 1055 186 1113 et
202 1048 311 1113 eidem
327 1049 454 1114 custodi
467 1049 523 1134 qui
539 1071 598 1134 pro
613 1058 759 1134 ternpore
775 1048 874 1112 fuerit
885 1048 937 1113 vel
952 1048 1131 1113 substituto
1146 1047 1192 1113 ab
1203 1047 1318 1114 eodem

152 1176 228 1217 cum
253 1155 363 1238 ipsum
388 1155 500 1219 abesse
526 1155 577 1219 vel
601 1154 643 1218 ad
668 1162 813 1219 nostram
837 1153 1055 1220 valitudinem
1060 1203 1139 1218 ......
1143 1153 1318 1240 contigerit

150 1260 371 1324 communiter
386 1261 563 1325 confratres
579 1268 614 1325 et
633 1282 755 1325 sorores
776 1260 883 1324 eidem
904 1259 962 1344 qui
983 1260 1025 1324 ad
1045 1259 1317 1346 gubernacionem

152 1372 186 1429 et
213 1372 417 1429 statutorum
444 1373 628 1430 nostrorum
652 1364 879 1430 execucionem
904 1387 941 1428 ac
964 1364 1066 1428 eciam
1090 1385 1148 1448 pro
1171 1362 1317 1428 utilitate

151 1476 185 1532 et
212 1469 374 1554 regimine
401 1468 548 1554 ejusdem
574 1476 683 1534 nostre
709 1469 797 1554 gilde
825 1467 999 1532 salubriter
1029 1467 1159 1532 subesse
1190 1467 1252 1532 sibi
1282 1467 1317 1531 in

134 1573 253 1638 'licitis
276 1581 312 1638 et
336 1573 480 1638 honestis
503 1572 692 1638 obediendo.

219 1785 270 1845 13.
317 1781 402 1844 Item
428 1780 578 1844 volumus
604 1787 638 1843 et
662 1778 850 1842 ordinamus
879 1777 966 1862 quod
993 1777 1020 1841 si
1042 1777 1116 1862 quis
1138 1778 1173 1842 iu
1195 1778 1316 1842 dictam
1329 1787 1467 1878 ffieggn

149 1885 275 1969 gildam
292 1908 349 1949 seu
365 1885 607 1949 fraternitatem
621 1881 847 1946 admittendus
863 1904 919 1946 seu
932 1881 1137 1965 recipiendus
1149 1882 1248 1947 fuerit
1259 1904 1316 1947 seu
1329 1883 1475 1974 fflgggd

149 1990 255 2075 recipi
271 1990 305 2052 in
321 1989 455 2053 fratrem
471 1989 522 2053 vel
544 2010 683 2052 sororem
706 1987 846 2051 voluerit
867 1989 901 2069 (a
917 1987 1002 2050 word
1024 1986 1171 2070 blurred)
1190 1987 1316 2072 prefato

150 2093 283 2160 custodi
307 2093 365 2178 qui
391 2115 449 2178 pro
472 2101 619 2176 tempore
646 2091 746 2156 fuerit
774 2091 809 2154 in
834 2090 869 2154 xl
880 2091 910 2156 d.
936 2090 1049 2155 statim
1076 2092 1259 2177 applicetur
1282 2101 1316 2157 et

150 2199 261 2263 eidem
289 2197 475 2274 satisfaciat,
498 2196 562 2260 nisi
588 2217 647 2280 per
677 2194 818 2258 eundem
850 2194 924 2259 xld.
956 2217 1066 2259 secum
1093 2195 1315 2280 dispensatum

151 2300 504 2378 fuerit‚.necessarium
530 2297 670 2376 feodum,
691 2297 845 2362 videlicet
868 2297 918 2360 iiii
927 2297 956 2362 d.
982 2297 1096 2362 clerico
1119 2297 1205 2363 dicte
1228 2299 1315 2385 gilde
1329 2309 1454 2398 fficiam

151 2407 211 2490 qui
250 2428 308 2490 pro
342 2413 489 2490 tempore
521 2405 620 2469 fuerit
650 2426 709 2488 per
738 2425 836 2488 quem
867 2402 1054 2488 hujusmodi
1084 2411 1158 2468 acta
1188 2411 1222 2468 et
1251 2404 1316 2468 alia
1356 2388 1361 2398 .

152 2532 192 2573 ex
221 2519 375 2574 consueto
398 2509 587 2574 inseruntur
607 2515 642 2572 et
662 2507 712 2572 iiii
722 2506 751 2571 d.
775 2506 872 2572 dictis
901 2506 1140 2591 promotoribus
1169 2508 1226 2592 qui
1257 2531 1315 2594 pro
1329 2527 1456 2616 summ!

80 2629 84 2636 ’
151 2621 303 2699 tempore
338 2614 462 2679 fuerint
500 2635 537 2677 ao
570 2613 798 2699 juramentum
827 2619 924 2696 prout
961 2611 1098 2676 inferius
1129 2613 1316 2678 continetur

150 2718 322 2803 prestabit.

222 2924 272 2985 14.
311 2921 397 2985 Item
414 2922 563 2988 volumus
579 2930 613 2988 et
633 2923 809 2987 statuimus
829 2921 916 3007 quod
936 2921 963 2984 si
984 2943 1063 3007 quos
1080 2923 1194 2988 fratres
1209 2924 1315 3009 cujus·
1330 2947 1467 3034 podium„

151 3047 294 3111 cumque
318 3025 397 3090 artis
421 3047 476 3089 seu
500 3025 595 3090 officii
617 3035 725 3110 preter
740 3033 844 3090 artem
861 3025 1102 3111 pellipariorum
1118 3027 1153 3090 in
1169 3028 1315 3092 futurum
1329 3040 1468 3130 fflgffl⁰

152 3131 195 3194 ad
218 3129 491 3216 gubernacionem
516 3130 603 3194 dicte
625 3129 714 3216 gilde
737 3152 794 3194 seu
818 3129 1033 3194 fraternitatis
1056 3139 1165 3196 nostre
1187 3131 1222 3195 in
1244 3154 1315 3217 pro·
1330 3136 1432 3178 ⁵¹¹¹¹¹¹¹0¹⁸

153 3242 295 3298 motores
316 3233 394 3320 eligi
417 3256 473 3297 seu
498 3233 630 3297 admitti
651 3233 693 3297 ad
714 3233 852 3297 eandem
879 3233 1061 3319 contigerit,
1088 3234 1317 3300 nichilominus
1329 3245 1420 3335 3353ss
1423 3259 1480 3337 3¹3an

153 3337 220 3401 duo
235 3337 287 3400 vel
304 3358 388 3400 unus
403 3336 445 3399 ad
458 3335 567 3400 minus
582 3335 662 3400 artis
677 3344 787 3400 nostre
799 3336 1041 3422 pellipariorum
1053 3337 1087 3400 in
1100 3347 1315 3423 promotorem
1329 3341 1446 3432 fflffssss

152 3439 326 3505 annuatim
347 3431 497 3528 eligatur,
513 3463 578 3504 nou
600 3440 751 3505 obstante
772 3462 977 3525 quacumque
993 3439 1164 3507 nobilitate
1180 3465 1237 3508 seu
1252 3444 1315 3509 dis·
1329 3437 1404 3488 yearly

152 3545 299 3611 crecione
314 3545 513 3609 confratrum
530 3551 676 3608 nostrum
692 3545 830 3609 aliorum
846 3544 880 3608 in
896 3553 1060 3610 eventum.

221 3761 271 3824 15.
315 3757 477 3853 Volumus
492 3757 594 3822 eciam
610 3757 697 3842 quod
712 3757 826 3823 statim
842 3779 928 3822 anno
944 3758 1038 3823 finito
1053 3757 1193 3844 predicti
1208 3767 1316 3824 custos
1328 3769 1372 3856 {gd
1381 3769 1461 3858 ffls

154 3869 188 3926 et
210 3869 410 3946 promotores
433 3861 650 3926 confratribus
673 3860 761 3946 gilde
782 3868 890 3926 nostre
911 3861 1056 3945 predicte
1077 3863 1239 3928 racionem
1260 3863 1315 3928 ad-
1329 3864 1444 3954 fflffio

153 3965 404 4030 ministracionis
436 3988 493 4030 sue
523 3966 663 4030 reddant
689 3976 723 4029 et
746 3965 843 4030 fidele
873 3975 1061 4050 compotum
1093 3967 1224 4045 faciant,
1246 3977 1316 4034 tam
1329 3960 1479 4050 ffi'gfss„

154 4078 358 4154 receptorum
382 4076 530 4132 nostrum
553 4091 651 4154 quam
675 4089 899 4153 expensarum.

221 4279 271 4341 16.
316 4274 404 4338 Item
415 4273 579 4357 v[olumus
590 4273 761 4359 quodcum
772 4273 884 4357 fuerit]
895 4274 1013 4360 aliquis
1024 4275 1065 4338 ad
1076 4276 1315 4342 fraternitatem
1329 4283 1475 4372 {fingam

152 4387 263 4446 nostre
284 4377 373 4467 gilde
395 4386 555 4464 receptus
570 4377 684 4442 statim
705 4377 793 4443 idem
813 4386 964 4464 receptus
984 4379 1017 4442 in
1034 4379 1106 4465 ipsa
1121 4381 1316 4450 admissione
1329 4379 1448 4468 &xlm
1554 4433 1556 4438 .
