3170 5104
238 390 281 452 88
651 403 855 454 csusmnos
876 405 985 454 omns

75 559 214 657 {1¹3⁹ssng
303 560 352 622 11.
391 557 478 622 Item
493 557 680 623 ordinamus
695 565 730 624 et
746 557 924 624 statuimus
939 557 1105 644 quandam
1121 557 1294 624 liberatam
1310 557 1409 622 inter

74 655 175 696 mmm
237 682 295 726 nos
310 659 458 746 quolibet
469 684 555 726 anno
568 662 786 728 renovandam
803 661 871 727 sive
886 662 1105 749 intersignum
1120 661 1291 726 inhonore
1306 659 1409 746 cujus

236 765 325 852 gilde
340 773 437 852 prout
452 765 538 832 inter
553 787 611 831 nos
623 765 873 832 conveniencius
884 775 919 831 et
930 765 1099 832 honestius
1110 765 1232 851 poterit
1243 763 1409 830 destinari

73 871 177 960 gsslffffm
238 878 272 934 et
296 869 462 956 repperiri,
488 878 523 935 et
548 870 687 956 quilibet
712 871 874 936 confrater
898 877 932 934 et
958 892 1046 936 soror
1069 869 1157 934 dicte
1180 879 1287 934 nostre
1309 867 1406 955 gilde

71 967 201 1007 ”dm
237 973 393 1060 adquam
408 997 465 1039 seu
481 974 568 1059 quod
584 975 625 1039 de
641 973 771 1060 proprio
787 980 900 1038 contra
916 972 1150 1058 [communem]
1168 972 1312 1058 pixidem
1330 971 1406 1036 sive

74 1062 187 1150 liivlelm‘
236 1077 361 1157 cistam,
378 1087 524 1166 tempore
547 1088 707 1165 oportuno
729 1087 903 1165 postquam
926 1077 1028 1164 [per]¹
1044 1078 1208 1164 predictos
1229 1078 1404 1143 custodem

237 1189 271 1248 et
293 1190 492 1267 promotores
514 1183 572 1268 qui
594 1205 652 1269 pro
675 1191 823 1268 tempore
846 1182 1017 1247 extiterint
1041 1203 1098 1247 seu
1121 1183 1263 1269 aliquem
1287 1204 1403 1248 eorum

72 1304 158 1390 gpipg
236 1287 442 1372 premunitus
463 1288 563 1352 fuerit
584 1287 652 1352 sive
676 1287 852 1372 requisitus
874 1287 982 1364 fuerit,
997 1287 1173 1372 diligenter
1192 1287 1318 1352 studiat
1338 1287 1405 1351 im·

72 1397 223 1486 {pgtffig'
236 1391 387 1476 pendere,
404 1392 548 1457 Waltero
571 1393 694 1457 Sutton
714 1391 829 1458 clerico
850 1391 1038 1478 supradicto
1059 1392 1100 1457 de
1122 1415 1180 1457 suo
1201 1392 1331 1478 proprio
1349 1393 1403 1457 ita

72 1493 177 1580 3¹0}ss
235 1495 391 1579 premissa
412 1495 583 1561 refundere
599 1496 775 1562 dumtaxat
790 1505 926 1582 excepto
941 1496 1065 1562 scilicet
1080 1497 1122 1562 de
1138 1496 1302 1561 communi
1317 1497 1403 1562 cista

72 1588 204 1676 fflffi
235 1598 302 1664 sive
325 1598 446 1684 pixide,
468 1622 526 1665 seu
548 1601 637 1678 alias,
657 1608 755 1686 prout
777 1600 905 1670 custodi
927 1608 962 1666 et
984 1601 1222 1686 promotoribus
1244 1601 1403 1686 predictis

70 1683 222 1819 {bffiffiqa
234 1703 352 1769 melius
375 1703 540 1770 videbitur
560 1705 722 1791 expedire,
737 1712 771 1769 et
792 1703 853 1768 hoc
873 1713 1006 1790 propter
1026 1705 1198 1770 concilium
1220 1705 1343 1792 pariter
1364 1716 1402 1771 et

71 1808 377 1923 pqupqp-’laborem
402 1831 461 1894 per
482 1809 590 1894 ipsum
615 1808 702 1873 dicte
728 1808 816 1894 gilde
842 1809 1081 1893 multiplicetur
1104 1810 1255 1875 habitum
1280 1819 1314 1874 et
1335 1811 1401 1874 im-

71 1921 207 2009 qggfgpgp·
234 1935 381 1998 pensum.
427 1913 471 1976 Et
487 1912 574 1999 quod
589 1913 659 1998 ipse
675 1913 841 1978 Walterus
856 1913 957 1979 octies
972 1914 1006 1978 iu
1022 1937 1108 1980 anno
1125 1915 1277 1980 videlicet
1291 1915 1341 1980 bis
1363 1915 1399 1980 in

69 2016 221 2104 {gglg‘fflf‘
234 2016 399 2102 quarterio
419 2016 567 2103 ejusdem
587 2016 672 2082 circa
692 2017 826 2104 negocia
846 2017 969 2083 dictam
984 2017 1108 2104 gildam
1124 2019 1355 2084 concemencia
1370 2020 1401 2084 si

70 2112 221 2209 fflllffi,
234 2121 315 2186 talia
337 2122 405 2186 sint
427 2145 491 2208 que
514 2130 644 2186 tantum
668 2121 907 2187 exhibicionem
930 2122 1074 2208 exigant,
1095 2147 1169 2188 cum
1192 2125 1234 2189 ad
1257 2125 1317 2190 hoc
1339 2148 1400 2210 per

42 2218 221 2296 mm
234 2225 402 2291 custodem
427 2249 482 2290 seu
507 2234 707 2311 promotores
729 2225 933 2312 supradictos
956 2227 1056 2291 fuerit
1078 2229 1305 2306 summonitus,
1328 2229 1398 2294 loco

234 2339 268 2396 et
290 2338 437 2415 tempore
460 2331 635 2414 expressis²
656 2330 685 2394 si
702 2330 870 2395 commode
888 2333 1043 2417 poterint,
1064 2333 1198 2398 accedat
1220 2333 1261 2398 ad
1285 2333 1399 2419 hujus-

234 2434 323 2499 modi
338 2442 412 2498 acta
427 2433 574 2498 facienda
589 2442 623 2499 et
639 2433 828 2509 exercenda,
843 2433 986 2520 alioquin
1003 2434 1067 2498 alio
1088 2444 1235 2521 tempore
1256 2459 1398 2522 congruo

234 2538 454 2624 subsequente
469 2560 527 2624 pro
542 2537 665 2603 eisdem
681 2547 720 2603 ut
735 2537 941 2624 premittitur
955 2539 1091 2625 agendis
1105 2562 1139 2604 se
1155 2539 1307 2626 disponat
1321 2563 1398 2606 cum

234 2667 293 2710 sua
308 2643 428 2709 viderit
443 2644 608 2709 interesse
858 2653 860 2661 '

70 2844 221 2942 ffloelffi
301 2828 350 2890 12.
395 2824 483 2889 Item
505 2823 684 2889 statuimus
704 2831 739 2889 et
759 2823 946 2888 ordinamus
967 2824 1054 2910 quod
1075 2824 1213 2911 singulis
1233 2827 1328 2892 aunis
1353 2828 1396 2893 ad

71 2940 174 3028 gpggsgg
234 2930 354 2994 festum
377 2937 488 2993 sancte
512 2927 672 2992 Katerine
695 2927 747 2991 vel
767 2927 809 2990 ad
833 2927 942 2991 minus
965 2926 1051 2992 infra
1068 2928 1126 2992 viii
1147 2929 1216 2994 dies
1234 2931 1398 3015 proximos

71 3035 221 3124 miliia
234 3041 410 3120 sequentes
430 3055 489 3120 per
510 3033 626 3096 fratres
645 3030 741 3096 Gilde
759 3039 869 3096 nostre
890 3031 1034 3118 predicte
1056 3055 1141 3097 unus
1159 3032 1200 3098 de
1219 3057 1301 3100 novo
1323 3058 1397 3124 prc-

70 3131 220 3220 ξῐζνξζιῖξξὴὲῖ
234 3138 328 3202 vidus
343 3137 489 3224 ydoneus
499 3136 574 3220 (sit)
585 3135 785 3200 substitutus
800 3135 835 3199 in
850 3136 1017 3201 custodem
1032 3136 1132 3222 [gilde
1145 3137 1191 3222 et]
1205 3137 1270 3202 duo
1281 3139 1397 3205 fratres

69 3225 210 3323 &hm
233 3242 269 3306 in
294 3249 502 3328 promotores,
527 3248 624 3326 prout
654 3261 712 3324 pro
742 3239 981 3324 gubernacione
1011 3247 1045 3305 et
1075 3241 1224 3306 custodia
1249 3242 1395 3328 ejusdem

232 3345 321 3432 gilde
333 3355 442 3411 nostre
454 3345 571 3410 melius
583 3353 617 3409 et
629 3343 791 3408 salubrius
806 3343 949 3409 viderint
960 3344 1122 3431 expedire,
1135 3354 1169 3412 et
1184 3346 1211 3410 si
1226 3347 1397 3434 contingat
1481 3424 1483 3428 ¹

233 3449 319 3538 quod
335 3449 419 3515 alius
435 3450 550 3514 frater8
565 3455 675 3513 nostre
693 3447 782 3533 gilde
797 3470 855 3533 per
871 3449 1027 3535 majorem
1043 3457 1077 3514 et
1093 3449 1252 3515 saniorem
1268 3461 1396 3537 partem

233 3555 431 3619 confratrum
447 3553 593 3640 ejusdem
609 3553 732 3617 electus
747 3552 847 3616 fuerit
862 3553 896 3617 iu
912 3553 1080 3619 custodem
1096 3554 1279 3639 predictum
1291 3557 1397 3636 Gilde,

233 3665 268 3722 et
290 3657 355 3722 duo
377 3655 424 3721 sic
446 3655 542 3721 electi
564 3655 599 3718 in
622 3662 833 3740 promotores,
856 3655 950 3742 cujus
980 3656 1077 3720 officii
1108 3656 1297 3743 hujusmodi
1327 3660 1396 3725 sive

123 3828 126 3834 ,
233 3760 380 3827 custodie
399 3782 458 3848 pro
477 3758 718 3846 gubernacione
740 3767 774 3824 et
794 3759 941 3826 custodia
961 3761 1107 3846 predicte
1127 3761 1216 3848 gilde
1236 3786 1295 3848 pro
1309 3787 1396 3830 anno

70 4004 219 4048 ruerornos
232 3994 310 4058 pare
339 3971 374 4034 iu
404 3967 592 4056 hujusmodi
622 3966 737 4032 officiis
771 3965 977 4054 †exprysse†
1010 3970 1215 4048 recusaverit,
1245 3971 1396 4038 volumus

68 4054 188 4143 iiiiii?
233 4086 312 4142 tuuc
331 4073 416 4162 quod
433 4074 502 4160 ipse
518 4073 576 4158 qui
591 4072 637 4138 sic
652 4071 776 4137 electus
791 4073 890 4137 fuerit
906 4073 940 4136 iu
965 4073 1132 4138 custodem
1153 4080 1187 4138 et
1207 4074 1395 4160 hujusmodi

68 4150 174 4192 molto

232 3865 380 3952 proximo
406 3872 487 3929 tunc
512 3864 623 3930 futuro
651 3863 761 3928 subire
789 3864 840 3929 vel
866 3886 1031 3929 assumere
1056 3861 1198 3930 nolu'erit
1220 3868 1277 3932 sed
1302 3891 1396 3934 occu-

68 4197 171 4248 usuam
231 4181 372 4248 officium
401 4201 558 4265 occupare
583 4176 726 4243 noluerit
750 4176 863 4242 statim
889 4176 975 4241 iufra
1002 4176 1034 4241 vi
1062 4177 1132 4242 dies
1156 4179 1320 4262 proximos
1346 4201 1395 4244 se-

443 4350 453 4382 ¹
470 4349 594 4400 Omitted.
919 4347 930 4378 ²
947 4347 1002 4398 MS.
1014 4347 1178 4412 expressatis.

673 4432 684 4466 ⁸
701 4432 757 4485 MS.
770 4431 836 4483 alios
847 4432 949 4484 tratres.

1564 4597 1578 5076 l
