3170 5104
318 393 360 456 42
666 453 670 460 ,
732 407 936 458 einamma
959 409 1069 458 ornus.

316 559 412 624 aliam
429 561 469 626 ad
486 562 607 628 festum
622 563 726 628 sancti
743 561 833 626 Petri
848 561 888 625 ad
905 561 1045 638 vincula,
1061 571 1095 628 et
1113 562 1154 647 vj.
1166 563 1196 628 d.
1216 585 1274 648 pro
1295 585 1378 628 cera
1427 561 1491 626 sol.

316 665 451 750 c[eram]
469 675 614 752 tempore
629 667 792 752 ingressus
808 666 980 731 thesaurie.

382 769 545 836 Dominus
571 771 740 836 Johannes
769 770 1016 856 Wymundham
1047 771 1234 857 capellanus
1265 771 1352 836 dicte
1384 771 1492 836 Gilde

315 874 451 940 intravit
481 876 722 942 fraternitatem
753 898 838 940 anno
868 876 962 961 regni
989 876 1088 962 Regis
1115 878 1152 942 E.
1179 876 1273 942 tercii
1299 885 1376 962 post
1404 897 1492 940 oon-

315 987 469 1064 questum
492 988 571 1045 uumo
593 980 650 1067 vj⁶⁰
672 1004 711 1046 ex
734 981 843 1066 gracia
865 980 1006 1066 speciali

380 1084 566 1150 Willelmus
581 1085 673 1170 Leyk
688 1092 722 1150 et
738 1085 761 1150 J
762 1085 892 1148 ohanna
908 1106 989 1149 uxor
1010 1085 1082 1169 ejus
1102 1084 1308 1150 intraverunt
1329 1085 1490 1150 fraterni-

316 1199 419 1253 tatem
434 1211 520 1253 anno
535 1189 628 1276 regni
646 1189 745 1275 Regis
762 1189 796 1254 E.
813 1189 907 1254 tercii
929 1197 1004 1275 post
1024 1199 1240 1274 conquestum
1259 1197 1338 1253 numo
1357 1188 1424 1275 ,ja
1450 1199 1491 1256 et

314 1292 406 1358 dedit
421 1293 597 1360 elemosine
607 1295 633 1380 j.
650 1316 745 1360 maro.
762 1302 796 1358 et
812 1293 866 1379 xij.
879 1294 910 1358 d.
927 1315 983 1378 pro
999 1316 1080 1358 cera.
1112 1302 1146 1358 et
1162 1294 1217 1360 sol.
1233 1293 1310 1359 dim.
1328 1302 1486 1380 tempore

315 1397 486 1484 ingressus.
532 1410 567 1463 et
596 1399 694 1462 aliam
725 1399 803 1463 dim.
829 1398 872 1462 ad
898 1398 1021 1462 festum
1051 1398 1276 1463 Pentecosten.
1321 1399 1376 1464 sol.
1401 1399 1488 1484 xj.s.

316 1503 480 1568 thesaurie
504 1513 538 1568 et
560 1504 607 1568 sie
629 1503 728 1568 debet
752 1504 828 1568 xld.

381 1608 544 1672 Henrieus
566 1607 607 1672 de
630 1607 660 1672 le
684 1607 883 1692 pristishows
906 1607 947 1671 de
970 1607 1221 1692 Wynbotisham
1243 1607 1296 1672 ‘’et
1315 1607 1487 1672 Robertus

315 1712 402 1777 filius
429 1713 517 1800 ejus⁰
544 1713 750 1777 intraverunt
777 1711 1017 1776 fraternitatem
1045 1719 1080 1775 et
1110 1711 1272 1776 dederunt
1303 1711 1486 1778 elemosine

315 1817 357 1881 xl.
367 1840 391 1882 s.
408 1826 443 1882 et
457 1841 508 1882 xv.
520 1818 549 1884 d.
566 1827 599 1883 et
616 1817 739 1882 habent
754 1816 842 1880 diem
857 1815 899 1880 ad
914 1815 1106 1880 solvendum
1128 1815 1257 1901 plenam
1279 1816 1484 1882 solucionem

314 1921 349 1986 in
365 1923 446 1986 festo
462 1922 602 2007 corporis
622 1920 747 1987 Christi
768 1921 819 1986 vel
840 1919 929 1985 eitra
976 1919 1033 1984 sol.
1049 1919 1094 2004 xij
1106 1919 1135 1984 d.
1152 1941 1211 2004 pro
1231 1941 1313 1995 cera,
1331 1929 1485 2006 tempore
1553 1925 1557 1933 '

314 2023 485 2109 ingressus.
531 2024 629 2089 soluit
645 2032 753 2088 totum
769 2024 823 2089 R.¹

240 2146 255 2177 0
380 2127 402 2192 J
404 2129 547 2192 ohannes
563 2128 761 2192 Kalvisbane
777 2128 913 2192 intravit
929 2127 1170 2191 fraternitatem
1187 2135 1221 2190 et
1242 2127 1335 2192 dedit
1356 2127 1483 2192 elemo-
1583 2117 1584 2126 ¹

314 2232 385 2297 sine
412 2255 469 2318 pro
495 2234 701 2317 reparacione
725 2234 894 2297 domorum
920 2232 1007 2296 diote
1035 2231 1132 2296 Gilde
1155 2231 1179 2316 j.
1205 2231 1285 2296 mill.
1308 2231 1350 2296 de
1375 2233 1482 2314 ,acha

314 2337 369 2402 sol.
387 2338 427 2423 vj.
437 2337 467 2403 d.
483 2360 542 2423 pro
557 2360 630 2402 cera
644 2345 791 2423 tempore
807 2337 972 2421 ingressus
988 2337 1043 2401 sol.
1061 2358 1172 2400 versus
1187 2336 1333 2420 e[eram].

381 2443 539 2529 Magister
564 2443 709 2506 ¹Thomas
738 2443 779 2506 de
809 2442 1030 2526 Thotyngton,
1058 2440 1217 2526 Magister
1240 2441 1410 2506 Johannes
1437 2444 1481 2508 de

315 2548 535 2634 Thotyngton,
550 2547 709 2612 Ricardus
724 2555 825 2632 pater,
841 2547 968 2612 Lenora
983 2554 1096 2622 mater,
1113 2545 1307 2624 Alexander,
1319 2547 1481 2626 Andreas,

316 2653 459 2730 Mabilia‚
481 2653 637 2728 Andreas,
660 2652 809 2729 Thomas,
832 2651 1027 2726 Alexander,
1052 2649 1245 2726 Willelmus,
1271 2650 1480 2717 intraverunt

314 2758 553 2822 fraternitatem
577 2765 611 2820 et
634 2757 795 2822 dederunt
818 2756 995 2820 elemosine
1017 2755 1093 2819 xla.
1118 2762 1152 2818 et
1175 2776 1233 2838 pro
1257 2777 1331 2818 cera
1355 2779 1383 2820 v.
1393 2779 1417 2822 s.
1443 2767 1480 2822 et

316 2861 355 2947 vj.
365 2862 395 2926 d.
440 2862 495 2925 sol.
512 2869 619 2925 totum
634 2869 783 2945 tempore
799 2860 963 2946 ingressus
978 2857 1146 2923 thesauris
1161 2858 1207 2944 iij.
1220 2858 1249 2923 d.
1267 2859 1384 2924 minus.

380 2966 513 3030 Beatrix
540 2963 675 3030 Stourdi
700 2960 837 3028 intravit
864 2963 1105 3028 fraternitatem
1128 2971 1163 3026 et
1185 2963 1278 3027 dedit
1301 2963 1480 3032 elemosine

314 3071 391 3136 dim.
408 3092 503 3135 mare.
520 3078 554 3134 et
574 3069 655 3155 vj.d.
677 3091 735 3153 pro
755 3091 829 3132 cera
849 3075 883 3132 et
905 3067 1005 3131 habet
1026 3067 1114 3131 diem
1138 3067 1207 3151 [ad]
1228 3066 1421 3132 solvendum
1442 3070 1479 3133 in

314 3175 396 3239 festo
412 3174 561 3259 Corporis
577 3173 701 3240 Christi
722 3183 757 3238 et
777 3173 820 3237 ad
840 3173 960 3237 festum
982 3171 1167 3236 nativitatis
1188 3173 1290 3235 saneti
1314 3171 1480 3238 Johannis

314 3279 465 3365 baptiste.
511 3279 565 3344 sol.
581 3279 622 3344 xl.
633 3280 663 3344 d.
680 3287 714 3344 et
730 3278 865 3363 c[eram]
884 3277 965 3363 vid.
982 3276 1157 3342 thesauris.

379 3385 548 3450 Johannes
575 3382 801 3446 Hilburworth
830 3390 863 3445 et
890 3382 1001 3467 Agnes
1031 3403 1113 3444 uxor
1143 3381 1214 3464 ejus
1244 3377 1479 3462 †intraverunt

315 3488 555 3552 fraternitatem
585 3495 620 3551 et
649 3485 811 3551 dederuut
841 3485 1043 3572 elemosinelr
1074 3485 1137 3570 xvj.
1153 3507 1177 3549 s.
1222 3484 1278 3548 sol.
1309 3484 1478 3550 thesauris

315 3697 402 3762 diem
429 3695 469 3760 ad
495 3693 686 3760 solvendum
711 3694 745 3758 in
773 3694 826 3758 die
852 3691 1122 3779 †Peutecosten†
1147 3695 1202 3758 sol.
1230 3695 1367 3778 e[eram]
1393 3704 1478 3760 tem-

314 3802 418 3887 porel
440 3800 612 3887 ingressus.

379 3906 402 3969 J
404 3905 547 3968 ohannes
569 3902 694 3988 Pyeher
714 3911 749 3966 et
767 3902 921 3966 Johanna
941 3923 1022 3965 uxor
1042 3901 1112 3986 ejus
1133 3901 1341 3965 intraverunt
1362 3903 1479 3967 frater-

314 4011 452 4074 nitatem
478 4017 512 4073 et
536 4007 697 4072 dederunt
717 4007 893 4070 elemosine
914 4005 1010 4090 xvj.s.
1033 4013 1069 4069 et
1089 4005 1184 4090 rije.
1211 4027 1269 4090 pro
1293 4027 1374 4070 cera.
1421 4009 1478 4074 sol.

313 4123 459 4199 tempore
482 4112 646 4198 ingressus
668 4109 709 4195 xj.
720 4131 743 4174 a.
765 4117 799 4173 et
821 4109 945 4173 habent
967 4107 1054 4171 diem
1078 4108 1119 4171 ad
1143 4107 1334 4171 solvendum
1358 4108 1478 4173 ⁰aliam

312 4226 440 4306 partem
455 4217 608 4282 videlieet
624 4214 716 4300 vj.e.⁰
732 4213 767 4277 in
781 4214 865 4277 festo
881 4211 1033 4298 Corporis
1049 4210 1184 4277 Christi.

557 4361 566 4393 ¹
583 4359 639 4408 'l'hs
651 4358 803 4408 Treasurers
813 4357 898 4420 Roger
909 4371 938 4406 or
948 4355 1036 4419 Ralph
1047 4370 1077 4406 as
1088 4355 1178 4406 above.

556 4443 568 4474 ²
583 4439 693 4502 Thatoh,
708 4439 753 4490 the
764 4440 847 4490 seribe
858 4439 945 4491 writes
957 4455 969 4502 3
983 4440 1023 4488 lor
1033 4442 1059 4506 Ρ.
