3170 5104
451 431 534 479 omn
557 431 601 479 or
622 431 692 479 ren
715 431 991 480 auunucrrrrou.
1259 412 1298 479 67

144 583 220 648 alios
240 593 414 669 ponantur,
430 607 493 648 non
512 584 547 648 in
563 584 693 670 placitis
708 607 768 648 nec
783 585 818 648 in
833 585 905 650 aliis
921 585 1065 670 negociis
1081 584 1302 662 destruantur,

41 668 116 764 ‘iiiiii
143 687 202 751 nisi
222 687 264 752 de
286 711 437 774 expresso
458 710 626 766 consensu,
642 687 777 752 concilio
799 688 922 774 pariter
942 698 976 753 et
996 711 1134 762 assensu
1150 687 1302 774 Magistri

38 773 110 897 Q
141 800 174 856 et
188 793 336 857 omnium
354 793 553 857 confratrum
570 804 762 869 nostrorum,
778 794 806 857 si
827 793 919 878 copia
939 794 1042 880 possit
1062 791 1301 882 comprehendi,

47 905 110 991 rupo
141 896 191 960 vel
208 897 312 982 major
328 919 402 981 pars
417 919 492 962 cum
509 897 667 983 Magistro
683 904 802 961 nostro.

38 999 65 1039 the
74 983 127 1041 niore
139 1006 188 1054 pert
199 1005 255 1046 wtth
268 1016 309 1046 our
320 1005 405 1048 Muta

38 1174 78 1260 *gg
203 1175 231 1238 9.
278 1173 367 1236 Item
394 1173 582 1238 ordinamus
607 1181 642 1238 et
668 1173 807 1239 firmiter
833 1174 984 1238 volumus
1010 1196 1069 1261 pro
1095 1175 1198 1252 nobis,
1226 1197 1301 1240 con·

34 1269 92 1356 q'ssffi
137 1275 303 1352 fratribus,
329 1277 492 1340 sororibus
523 1290 557 1340 et
587 1277 708 1342 nostris
737 1277 983 1354 successoribus,
1010 1278 1095 1364 quod
1126 1279 1153 1342 si
1183 1277 1302 1364 aliquis

23 1366 111 1466 „aditi
136 1389 323 1445 nostrornm
348 1383 555 1459 confratrum,
577 1405 722 1448 sororum
747 1383 798 1446 vel
822 1389 1005 1446 nostrorum
1027 1404 1245 1448 successorum
1266 1381 1301 1445 in

39 1459 98 1546 dt*
136 1485 247 1570 aliquo
263 1486 400 1549 articulo
421 1487 604 1571 subscripto
627 1485 782 1551 defecerit
804 1495 838 1550 et
858 1509 958 1572 super
979 1487 1038 1551 hoc
1059 1486 1227 1551 convictus
1248 1485 1301 1551 vel

51 1565 85 1603 1³⁵5

28 1602 122 1690 &2¹3ng
135 1589 287 1654 convicta
317 1589 418 1653 fuerit
445 1612 502 1674 per
528 1590 726 1677 Magistrum
753 1601 787 1654 et
813 1591 938 1665 fratres,
964 1591 1051 1677 quod
1079 1599 1160 1655 tunc
1185 1589 1301 1661 reddat

36 1697 103 1792 effi,
135 1693 222 1758 dicte
240 1695 338 1759 Gilde
354 1695 436 1758 duas
452 1694 551 1758 libras
567 1718 639 1760 cere
655 1695 698 1759 ad
714 1695 795 1759 dicti
811 1695 896 1759 cerei
917 1695 1194 1760 sustentaoionem
1214 1694 1300 1759 infra

41 1790 122 1893 {hgsthe
134 1819 240 1862 unum
257 1821 402 1863 mensem
418 1809 592 1884 postquam
609 1799 664 1864 ille
681 1799 749 1864 sive
764 1800 821 1864 illa
837 1800 883 1864 sic
899 1800 1068 1864 convictus
1084 1801 1135 1864 vel
1151 1799 1299 1864 convicta

49 1886 99 1927 “¹⁰¹²
135 1901 245 1980 fuerit,
261 1904 347 1988 quod
365 1904 460 1969 absit.

42 2109 122 2201 thqg
203 2107 254 2168 10.
302 2101 387 2169 Cum
403 2103 522 2189 aliquis
538 2105 589 2168 vel
605 2103 716 2190 aliqua
732 2106 832 2169 frater
848 2105 900 2168 vel
921 2127 1008 2168 soror
1028 2105 1227 2170 constitutus
1248 2104 1300 2169 vel

28 2206 113 2254 mim·
135 2211 321 2272 constituta
346 2209 386 2271 ad
417 2209 607 2272 societatem
638 2209 707 2272 sive
737 2209 980 2274 fraternitatem
1011 2208 1098 2272 dicte
1129 2208 1226 2272 Gilde
1257 2207 1301 2272 sit

36 2253 91 2340 ιι]

47 2358 105 2389 m„
135 2311 344 2396 recipiendus
359 2312 410 2375 vel
426 2312 612 2396 recipienda
627 2321 662 2375 et
678 2311 903 2376 admittendus
919 2313 970 2376 vel
986 2311 1200 2388 admittenda,
1211 2310 1299 2376 idem

30 2391 69 2482 ἡ]
135 2423 287 2500 receptus
304 2415 355 2478 vel
372 2425 502 2502 recepta¹
518 2423 552 2480 et
568 2415 729 2480 admissus
746 2417 796 2480 vel
812 2415 955 2480 admissa
970 2416 1004 2480 in
1020 2416 1092 2501 ipsa
1104 2414 1300 2500 hujusmodi,

47 2491 109 2579 “itta
135 2539 244 2582 coram
262 2519 420 2604 Magistro
440 2519 528 2584 dicte
549 2519 645 2584 Gilde
666 2519 723 2604 qui
744 2541 801 2603 pro
824 2529 969 2604 tempore
989 2520 1089 2584 fuerit
1112 2520 1298 2605 presidente

56 2589 109 2675 {tit
136 2631 169 2686 et
184 2623 411 2698 confratribus,
427 2632 575 2688 recenter
589 2623 718 2708 jurabit
738 2624 953 2710 infrascripta,
970 2625 1067 2690 tactis
1087 2624 1299 2690 sacrosanctis

137 2725 336 2812 Evangeliis‚
352 2729 438 2812 quod
455 2728 565 2792 omnia
580 2737 614 2792 et
629 2728 759 2814 singula
779 2729 1007 2813 prenominata
1027 2729 1249 2794 ordinaciones
1265 2736 1299 2793 et

136 2841 264 2899 statuta
295 2842 332 2897 nt
362 2834 544 2919 predicitur
570 2842 640 2898 toto
666 2856 759 2919 posse
787 2857 845 2898 suo
876 2835 1018 2900 fideliter
1048 2833 1234 2899 observabit
1265 2841 1299 2898 et

50 2921 106 3027 {gog
136 2935 234 3001 faciet
249 2936 291 3000 ab
307 2936 381 3000 aliis
398 2937 537 3002 firmiter
557 2937 729 3013 observari,
744 2937 900 3022 quatinus
921 2938 1045 3023 absque
1066 2947 1145 3002 nota
1164 2936 1299 3023 perjurii

23 3119 24 3140 Χ
40 3027 123 3116 digit·
131 3039 231 3124 juxta
246 3040 480 3104 conscienciam
498 3062 536 3103 ca
551 3048 663 3104 tenere
680 3042 802 3125 poterit
818 3050 851 3106 et
867 3043 1045 3108 observare.

201 3145 244 3208 In
259 3167 397 3230 quorum
410 3145 556 3208 omnium
569 3153 603 3209 et
615 3144 816 3227 singulorum
830 3146 1059 3230 premissorum
1071 3145 1297 3210 testimonium

23 3321 24 3334 χ
136 3249 346 3331 presentibus
375 3249 482 3331 sigilla
507 3255 620 3312 nostra
646 3248 867 3332 apposuimus.
913 3249 1038 3314 Datum
1065 3249 1154 3334 apud
1179 3248 1298 3314 Cante-

23 3343 90 3436 'ff‘hb
136 3351 298 3437 briggiam
314 3353 404 3438 vijm0.
422 3351 591 3416 Kalendas
607 3351 731 3436 Aprilis
747 3374 833 3415 anno
850 3351 985 3415 Domini
1006 3352 1180 3416 millesimo
1201 3360 1297 3419 ccc¹¹¹⁰.

137 3456 378 3542 septuagesimo
403 3479 488 3520 nono
513 3465 546 3520 et
571 3455 664 3542 regni
690 3457 790 3542 Regis
814 3455 946 3521 Ricardi
969 3456 1104 3522 secundi
1127 3466 1200 3542 post
1223 3479 1298 3521 con-

23 3647 24 3654 *
137 3569 292 3646 questum
316 3561 476 3659 secundm

43 3665 113 3713 “mn
204 3665 248 3730 Et
264 3665 371 3750 quoad
387 3674 491 3730 terras
507 3673 541 3729 et
559 3672 804 3730 tenementa'et
825 3665 983 3741 redditus,
998 3665 1083 3730 bona
1103 3687 1160 3731 seu
1181 3665 1299 3730 catalla

23 3853 24 3858 ἵ
137 3768 224 3832 idem
241 3771 399 3856 Magister
414 3769 574 3833 certificat
589 3790 647 3853 per
667 3775 837 3852 presentes
857 3768 945 3854 quod
966 3769 1035 3854 ipse
1057 3779 1091 3834 et
1111 3771 1226 3834 fratres
1246 3768 1298 3834 sui

23 3859 78 3945 itini}
138 3894 195 3936 seu
222 3873 279 3938 alii
307 3874 398 3938 nulla
425 3874 549 3937 habent
576 3882 687 3950 terras,
715 3881 906 3937 tenemento.
933 3895 990 3938 seu
1019 3874 1165 3940 redditus
1191 3872 1298 3938 eidem

23 3950 103 4054 ibiibi
137 3975 339 4040 fraternitati
365 3977 562 4041 mortificata
588 3998 646 4039 εει]
674 3998 737 4038 non
767 3976 970 4054 mortificata,
993 3999 1053 4041 nec
1079 3977 1189 4063 aliqua
1213 3978 1299 4042 bona

23 4046 74 4092 ’Μ
138 4101 193 4144 εει]
216 4081 335 4144 catalla
355 4081 389 4142 in
412 4080 564 4144 manibus
585 4079 688 4163 ipsius
710 4078 860 4165 Magistri
883 4102 939 4143 seu
960 4079 1094 4144 alterius
1115 4080 1299 4164 cujuscum-

138 4206 201 4270 que
216 4182 258 4248 ad
273 4206 370 4248 usum
386 4184 604 4248 fraternitatis
620 4181 767 4268 predicte
788 4183 936 4247 existunt
957 4204 1013 4247 seu
1036 4183 1131 4268 longo
1152 4193 1299 4268 tempore

139 4289 329 4354 extiterunt.
383 4287 425 4351 In
455 4289 548 4373 cujus
577 4288 625 4352 rei
655 4287 883 4352 testimonium
913 4289 1120 4372 presentibus
1155 4287 1299 4372 sigillum

138 4414 234 4456 suum
257 4391 417 4476 apposuit.

1127 4548 1212 4610 5—2
