3194 5120
333 358 374 420 10
746 372 950 424 osuamnan
972 373 1081 422 arans.

164 537 270 626 'mgr
397 525 494 612 [Aug
518 528 547 602 4,
572 525 670 610 1310]
716 525 778 590 Die
803 525 956 590 Mercurii
980 525 1128 611 proxima
1150 533 1224 610 post
1244 526 1364 590 festum
1388 522 1500 588 saneti

164 633 317 722 &¹¹¹0an
332 629 421 694 Petri
443 630 485 694 ad
508 630 639 694 vincula
663 631 795 695 Beatrix
826 652 891 716 que
919 630 982 695 luit
1011 652 1090 694 uxor
1114 630 1271 694 Willelmi
1300 629 1433 694 Markes
1467 635 1503 690 et

330 733 432 818 ipsius
454 735 645 799 testamenti
668 734 836 798 executrix
859 735 1070 820 recongnovit
1093 757 1126 799 se
1151 735 1257 800 teneri
1282 757 1340 819 pro
1366 732 1502 797 duobus

330 837 504 923 quarteriis
527 837 623 902 brasii
645 839 685 902 de
706 838 818 903 debito
841 839 952 903 mariti
975 839 1040 903 sui¹
1064 839 1100 902 in
1122 839 1167 925 xij
1192 839 1311 917 solidis,
1332 836 1503 903 solvendis

332 941 540 1006 medietatem
565 941 599 1004 in
622 942 704 1005 festo
728 942 831 1007 saneti
855 941 1024 1006 Michaelis
1047 951 1082 1006 et
1104 942 1202 1006 aliam
1225 941 1440 1007 medietatem
1463 941 1501 1005 in

165 1033 302 1122 ἓξὲξ
332 1046 412 1110 festo
435 1046 538 1109 saneti
562 1045 724 1111 Johannis
748 1046 898 1130 Baptista
922 1046 1068 1131 proximo
1090 1055 1249 1132 sequente
1268 1057 1302 1111 et
1320 1046 1499 1111 remissum

165 1128 291 1228 p⁸i⁰v⁰iii²i⁰¹
331 1160 380 1216 est
395 1151 458 1216 sibi
473 1152 710 1216 incrementum
727 1173 784 1237 pro
800 1152 844 1236 iij.
861 1153 964 1228 annis,
980 1161 1134 1237 pretextu
1150 1151 1362 1237 paupertatis.

165 1285 278 1328 naitano
397 1254 661 1320 Memorandum²
682 1255 769 1340 quod
790 1256 903 1320 eodem
927 1255 980 1318 die
1003 1255 1157 1320 Mercurii
1181 1264 1407 1340 computatum
1429 1255 1501 1319 fuit

164 1336 258 1376 namt
331 1383 405 1424 oum
428 1359 583 1424 Anselmo
606 1360 646 1424 de
670 1359 844 1444 Oosteseye
868 1359 955 1424 unde
979 1360 1087 1424 dictus
1109 1359 1285 1424 Anselmus
1308 1359 1426 1424 debuit
1455 1359 1500 1424 de

330 1465 530 1528 incremento
553 1485 611 1548 pro
632 1463 687 1547 vij.
704 1463 799 1527 annis
819 1463 928 1527 xviia.
945 1471 979 1526 et
995 1462 1066 1526 xid.
1084 1473 1117 1526 et
1133 1463 1174 1527 de
1190 1461 1302 1526 debito
1320 1461 1501 1548 principali

331 1591 379 1632 xv.
390 1591 413 1634 s.
431 1569 516 1632 unde
532 1590 659 1632 summa
675 1569 787 1632 totalis
803 1591 875 1632 xxx.
886 1568 918 1653 ij.
931 1591 954 1633 a.
971 1576 1006 1633 et
1021 1567 1062 1632 xi
1074 1568 1105 1633 d.
1121 1576 1156 1632 et
1177 1578 1332 1652 pretextu
1354 1589 1500 1653 pauper·

331 1673 411 1736 tatis
426 1672 596 1736 remissum
612 1680 662 1735 est
677 1671 740 1735 sibi
764 1681 872 1736 totum
887 1671 1037 1736 debitum
1059 1694 1163 1770 usque
1186 1671 1228 1736 ad
1249 1672 1330 1736 duas
1352 1693 1501 1736 mareas:

331 1772 499 1836 solvendas
515 1772 555 1836 ad
572 1773 692 1836 festum
709 1771 810 1836 sancti
824 1771 1001 1836 Michaelis,

167 1900 279 1943 noniano
397 1877 520 1941 Eodem
536 1877 589 1942 die
605 1883 831 1961 computatum
847 1877 910 1940 fuit
925 1899 999 1941 cum
1016 1877 1038 1942 J
1040 1876 1183 1941 oachim⁸
1197 1876 1238 1941 de
1255 1877 1446 1960 Bern[well]
1464 1885 1501 1942 et

167 1950 260 1991 interea
331 1981 429 2045 debet
444 1981 484 2044 de
500 1981 701 2045 incremento
718 2004 767 2044 xx.
778 2003 801 2046 a.
817 1989 851 2044 et
873 1981 1017 2066 quinque
1039 1982 1188 2046 denarios
1203 1991 1238 2046 et
1260 1983 1300 2046 de
1321 1981 1500 2068 principali

332 2085 443 2150 debito
478 2109 535 2170 pro
565 2085 692 2150 duobus
722 2086 894 2169 quarteriis
925 2095 959 2150 et
989 2085 1101 2152 dimid.
1132 2109 1183 2152 xv.
1193 2111 1217 2152 a.
1249 2087 1336 2152 unde
1367 2109 1500 2152 summa

332 2189 443 2254 totalis
458 2213 551 2253 xxxv.
562 2212 585 2254 s.
602 2198 635 2253 et
653 2212 679 2255 ν.
693 2189 721 2256 d.

168 2316 257 2358 marra
398 2295 521 2359 Eodem
538 2295 591 2359 die
606 2295 743 2382 intravit
763 2295 921 2380 Magister
936 2295 1021 2360 Hen.
1037 2295 1077 2360 de
1095 2295 1313 2381 Trippelawe‘
1329 2296 1365 2360 in
1380 2298 1499 2360 frater-

332 2399 472 2464 nitatem
488 2401 582 2464 istam
601 2422 659 2484 per
674 2399 772 2464 finem
788 2399 926 2463 duorum
942 2409 1049 2484 quart.
1066 2401 1155 2464 ordei
1171 2423 1245 2464 eum
1261 2422 1342 2466 cera.

305 2537 310 2544 ·
399 2503 522 2566 Eodem
541 2502 593 2566 die
615 2503 750 2565 intravit
771 2501 851 2565 Rad.
875 2501 916 2566 de
938 2501 1163 2567 Oumbertune
1181 2503 1295 2588 junior
1318 2526 1376 2588 per
1395 2504 1497 2566 finem

333 2607 377 2692 iij.
394 2614 499 2691 quart.
516 2606 604 2670 ordei
620 2629 694 2670 oum
710 2629 784 2670 cera
798 2628 879 2691 quas
894 2606 994 2670 soluit
1010 2607 1134 2672 Tharne
1150 2607 1191 2672 de
1208 2607 1393 2672 Branketre
1409 2631 1438 2672 x.
1448 2630 1475 2672 a.

398 2711 523 2775 Eodem
540 2710 592 2774 die
607 2709 744 2773 intravit
760 2709 901 2774 Isabella
917 2731 997 2774 uxor
1012 2710 1159 2796 ejusdem
1176 2710 1351 2796 Radulphi.

167 2905 288 2995 nggregs-
400 2884 618 2970 Congregaoio
641 2883 694 2947 die
719 2885 843 2948 veneris
866 2884 900 2948 in
924 2884 1088 2970 quindena
1111 2884 1273 2972 †passe⁶†
1296 2908 1381 2950 anno
1402 2887 1498 2972 regni

168 3001 287 3090 {Qffln
333 2989 417 3074 regis
434 2988 583 3052 Edwardi
598 2987 715 3072 quinto
738 2988 871 3073 quodie
893 2989 967 3053 Nic.
984 2989 1030 3053 Le
1054 2990 1170 3054 barber
1194 2990 1328 3054 intravit
1350 2991 1497 3054 animam

169 3097 260 3138 ΒΜ
334 3094 490 3158 Willelmi
507 3094 537 3158 le
553 3093 661 3158 Reder
675 3113 734 3178 per
750 3093 848 3156 finem
866 3094 897 3156 xl
907 3093 939 3158 d.

400 3199 521 3263 Eodem
538 3199 591 3263 die
606 3221 664 3284 per
679 3197 824 3262 Alanum
840 3198 879 3262 de
894 3198 1015 3262 Welles
1030 3198 1156 3264 animas
1173 3199 1365 3266 Walteri⁶...

697 3403 815 3468 nono
839 3401 881 3468 3'.
927 3404 1129 3488 [1313-19]
1174 3391 1175 3394 ‘
1214 3427 1217 3434 Δ

169 3548 288 3638 qqqqpm·
392 3519 493 3621 ‘[Mar.
521 3536 550 3610 6,
578 3533 676 3616 1313]
723 3531 943 3619 Congregaeio
970 3534 1109 3596 fratrum
1141 3541 1174 3597 et
1205 3557 1349 3600 sororum
1376 3537 1497 3622 g[ilde]

167 3645 296 3734 ffiffigm
334 3642 429 3706 beate
445 3638 547 3702 Marie
564 3637 774 3721 Cantebrigie
789 3638 841 3702 die
859 3636 975 3700 Martis
996 3637 1145 3722 proxima
1160 3647 1236 3702 ante
1252 3639 1372 3702 festum
1390 3642 1498 3706 sancti

334 3744 481 3830 Gregorii
497 3765 581 3806 anno
596 3742 687 3826 regui
705 3742 803 3828 [regis
820 3742 983 3827 Edwardi]
1002 3742 1061 3805 filii
1078 3741 1177 3826 Regis
1193 3741 1344 3806 Edivardi
1360 3752 1462 3810 sexto,

382 3874 390 3905 ¹
408 3873 441 3922 In
453 3872 498 3920 the
510 3871 612 3932 margin
624 3869 647 3918 is
661 3872 679 3896 ‘¹
687 3868 777 3920 alibi.”

382 3960 392 3989 ²
409 3957 473 4006 This
484 3954 536 4005 and
548 3954 592 4004 the
603 3957 654 4004 two
666 3952 798 4016 following
809 3953 905 4002 entriea
918 3968 962 4003 are
973 3952 1080 4007 marked
1091 3952 1120 4002 in
1132 3953 1177 4004 the
1189 3954 1291 4017 margin
1306 3957 1323 3982 ‘⁶
1331 3954 1479 4006 debitum.”

381 4041 392 4074 ³
408 4040 464 4090 MS.
476 4036 623 4102 Jonaohim.

381 4124 392 4156 ⁴
408 4123 548 4172 Alderman
560 4121 589 4169 of
598 4119 643 4168 the
654 4118 707 4182 gild
718 4118 747 4168 in
760 4119 831 4180 1321,
846 4133 887 4168 see
899 4118 1043 4182 Appendix‚
1055 4134 1099 4169 no.
1112 4120 1152 4172 17.

381 4205 458 4253 ὕΕὀτ
473 4201 597 4266 “paona”
989 4199 1000 4232 ⁶
1017 4201 1092 4250 Ends
1104 4201 1235 4264 abruptly.
1339 4253 1343 4260 ,

381 4288 392 4321 ⁷
409 4286 464 4336 Tha
482 4286 540 4334 first
559 4283 616 4333 half
633 4281 656 4330 is
676 4297 735 4345 very
753 4280 832 4332 muoh
851 4280 929 4331 taded
948 4282 1001 4332 and
1021 4285 1088 4344 torn,
1111 4283 1164 4332 and
1183 4283 1291 4346 entirely
1308 4283 1360 4333 lost
1376 4284 1406 4334 in
1424 4300 1497 4337 some

332 4372 426 4435 places.
