3170 5104
270 389 311 454 98
684 403 886 452 cinnamon
908 402 1019 451 orans.

268 581 403 624 onerum
434 559 540 624 eidem
570 558 681 643 guilda
711 557 987 634 incumbenoium,
1017 557 1187 642 perpetuis
1218 556 1432 642 temporibus,

268 671 434 728 annuente
457 662 598 739 domino,
620 662 785 738 durature,
806 684 863 746 pro
885 662 977 747 cujus
1001 653 1158 725 laudabili
1181 661 1430 748 gubernacione,

267 776 395 834 statuta
414 776 449 833 et
468 767 689 832 ordinaciones
709 767 914 852 infrascripta
937 767 978 832 de
1005 775 1115 831 nostro
1136 765 1431 852 †communioato†

267 893 434 949 consensu
456 871 699 956 imperpetuum
723 871 873 949 valitura,
897 871 1099 936 decrevimus
1122 871 1331 936 observanda.

104 1113 120 1150 1.
147 1109 230 1158 Officers
335 1089 363 1153 Ῑ.
408 1086 457 1153 ΒΘ
472 1085 646 1174 Offidfatdfd.

104 1258 217 1346 pnqqur
334 1239 508 1326 Inprimis
529 1240 716 1304 ordinamus
738 1247 772 1304 et
791 1239 969 1324 statuimus
990 1240 1076 1324 quod
1099 1261 1184 1302 unus
1207 1239 1250 1302 sit
1268 1237 1326 1324 qui
1345 1237 1433 1301 dicte

105 1354 224 1394 noeman
270 1345 366 1410 Gilde
393 1346 558 1431 presideat
586 1354 619 1409 et
647 1345 805 1431 Magister
827 1352 1036 1429 nuncupetur
1058 1345 1111 1409 oui
1134 1344 1233 1408 ceteri
1256 1345 1434 1407 confratres

270 1450 401 1514 obedire
439 1458 634 1515 teneantur:
684 1450 758 1512 Duo
796 1449 898 1513 eciam
937 1449 1171 1513 Aldermanni:
1209 1447 1267 1533 qui
1300 1447 1433 1532 quidem

271 1555 427 1639 Magister
442 1563 477 1618 et
491 1554 706 1618 Aldermanni
722 1553 807 1617 bona
822 1563 856 1616 et
872 1553 991 1616 catalla
1006 1553 1092 1616 dicte
1109 1552 1206 1616 Gilde
1222 1552 1383 1638 recipient
1399 1560 1433 1615 et

106 1681 218 1770 &555¹
271 1660 506 1725 ministrabunt
526 1669 560 1724 et
580 1659 621 1723 de
640 1659 762 1723 eisdem
779 1681 854 1722 oum
870 1680 982 1734 eorum
999 1658 1200 1721 incremento
1216 1656 1434 1720 confratribus

270 1765 336 1829 suis
358 1763 499 1829 fideliter
518 1764 758 1848 computabunt
778 1771 812 1827 et
835 1786 874 1826 ea
897 1763 1075 1828 restituent
1098 1772 1132 1826 et
1155 1762 1196 1826 ad
1219 1763 1376 1847 premissa
1400 1761 1434 1823 in

269 1868 414 1954 ipsorum
441 1868 649 1952 prefeocione‚
673 1890 731 1932 seu
759 1867 920 1932 eleccione
946 1868 1059 1952 jurare
1086 1875 1263 1932 teneantur
1289 1875 1323 1929 et
1353 1865 1434 1928 fide-

264 1973 408 2059 jussores
424 1973 451 2037 si
467 1980 622 2057 petantur
637 1972 792 2037 invenire.
835 1972 889 2037 Sit
901 1972 1003 2036 eciam
1016 1971 1100 2036 alius
1117 1971 1268 2035 Minister
1283 1971 1432 2056 ejusdem

105 2097 222 2184 qprlgplktffi
270 2078 366 2144 Gilda
382 2077 439 2164 qui
455 2077 601 2142 Clericus
612 2076 783 2140 vocabitur
798 2076 840 2140 ad
855 2075 949 2161 cujus
964 2075 1126 2160 spectabit
1141 2075 1284 2139 officium
1299 2074 1434 2138 nomina

106 2191 234 2280 333qu
269 2182 407 2246 fratrum
424 2181 682 2266 ingrediencium
697 2179 1053 2264 inscriberemompota,
1069 2192 1209 2264 recepta,
1225 2201 1382 2264 expensas
1399 2187 1431 2241 et

105 2289 210 2384 22⁰3ng
269 2308 371 2372 penas
392 2285 560 2371 impositas
579 2285 718 2348 scribere
738 2294 773 2350 et
789 2285 905 2363 levare,
921 2285 1171 2350 distr'ibuciones
1182 2285 1280 2371 juxta
1295 2286 1431 2349 formam

106 2382 217 2469 iffi?
270 2390 405 2454 inferius
425 2397 615 2454 annotatam
638 2388 793 2453 fratribus
812 2398 845 2452 et
867 2389 1030 2452 sororibus
1045 2389 1271 2476 indigentibus
1288 2389 1433 2453 liberare.

106 2478 155 2565 tlt
195 2489 209 2564 i
271 2494 324 2560 Sit
343 2503 493 2580 preterea
513 2493 616 2578 ipsius
637 2493 733 2557 Gilda
755 2492 839 2556 alius
860 2492 1010 2557 minister
1031 2493 1088 2577 qui
1106 2493 1271 2578 apparitor
1286 2492 1432 2556 nomina-

106 2573 141 2612 An
150 2583 187 2622 ap-

107 2619 248 2708 ffissfflm
271 2600 362 2664 bitur
383 2599 439 2684 qui
462 2599 579 2662 fratres
600 2597 642 2662 ad
661 2599 846 2683 sepulturas
865 2605 900 2660 et
915 2597 1069 2682 exequias
1085 2598 1222 2662 fratrum
1238 2605 1272 2660 et
1287 2618 1432 2660 sororum

107 2715 243 2802 ppgtgppaew
272 2703 393 2767 atalia
419 2702 524 2766 officia
554 2711 765 2778 mortuorum,
796 2702 958 2787 colloquia
988 2711 1021 2764 et
1052 2701 1132 2765 alias
1162 2699 1432 2786 congregaciones

107 2810 253 2898 {ffdlgffh‘lss‘d
271 2806 459 2892 premunire
484 2815 518 2870 et
543 2806 584 2870 de
610 2807 657 2870 eis
682 2805 861 2870 certificare
888 2814 922 2870 et
947 2806 1032 2869 circa
1058 2805 1190 2870 fratrem
1216 2803 1266 2868 vel
1292 2825 1432 2868 sororem

107 2905 238 3002 ffiffggff
272 2911 464 2975 defunctum
485 2910 527 2974 ad
543 2911 697 2994 exequias
718 2909 856 2974 sollicite
877 2909 1049 2974 intendere
1067 2919 1101 2974 et
1119 2909 1177 2995 qui
1195 2909 1327 2973 tortioes
1342 2917 1434 2971 tene-

108 3000 244 3088 lllfflfflssl?
272 3014 356 3079 bunt
387 3022 421 3077 et
447 3013 612 3078 deferrent
642 3013 726 3077 circa
756 3035 872 3098 corpus
899 3022 933 3077 et
959 3015 1015 3100 qui
1046 3035 1162 3098 corpus
1191 3013 1232 3075 ad
1263 3011 1433 3076 ecclesiam

108 3096 156 3136 '²¹⁰⁶
183 3106 215 3136 ⁰¹¹¹
272 3117 451 3202 portabunt
474 3117 669 3202 diligencius
692 3117 814 3182 habeat
837 3117 1014 3202 providere.

108 3333 124 3370 2-
151 3330 249 3371 Elatus
339 3327 367 3388 2.
412 3323 461 3390 De
476 3323 623 3391 elcooiooe
638 3323 867 3409 officiordorum
883 3333 1037 3390 eteorum
1053 3333 1200 3410 compoto.
1255 3329 1258 3336 “

108 3537 243 3578 mm
337 3474 424 3539 Item
436 3473 622 3538 ordinamus
634 3487 668 3539 et
680 3474 856 3538 statuimus
868 3476 955 3560 quod
967 3475 1116 3560 quolibet
1131 3474 1217 3538 anno
1234 3475 1391 3560 Magister
1400 3485 1434 3539 et

108 3585 247 3675 ffiflffigtoe
272 3577 487 3644 Aldermanni
502 3601 577 3642 oum
593 3579 728 3643 consilio
751 3588 823 3645 octo
838 3582 879 3644 ad
895 3580 1006 3644 minus
1022 3581 1061 3645 de
1078 3579 1293 3644 confratribus
1308 3579 1435 3663 eligant

108 3681 251 3778 gffgq‘ffgssglh,
272 3685 313 3748 de
328 3705 410 3747 novo
426 3682 579 3747 clericum
594 3691 628 3746 et
643 3683 881 3768 apparitorem:
901 3684 1046 3768 dictique
1065 3683 1199 3748 clericus
1219 3690 1253 3746 et
1268 3683 1436 3767 apparitor

108 3776 256 3864 fimum.
273 3785 318 3850 sic
333 3787 459 3849 noviter
469 3785 564 3850 electi
580 3807 719 3849 unacum
737 3786 809 3850 aliis
825 3785 980 3850 fratribus
996 3794 1076 3849 tunc
1092 3784 1298 3870 presentibus
1310 3785 1435 3870 eligant

108 3872 260 4006 iliigpiire
273 3891 313 3955 de
334 3913 416 3954 novo
433 3889 630 3976 Magistrum
646 3898 681 3954 et
696 3890 934 3954 Aldermannos
950 3913 1008 3975 pro
1023 3913 1109 3954 anno
1124 3899 1203 3955 tuno
1219 3890 1338 3967 futuro,
1353 3912 1434 3974 quos

109 3967 240 4102 {itiinadd
273 3993 425 4058 videlicet
445 3992 557 4057 fideles
580 4001 614 4057 et
634 3993 677 4057 ad
697 3993 886 4078 hujusmodi
908 3993 1012 4057 officia
1033 3993 1136 4058 abiles
1156 3993 1385 4057 estimaverint
1400 4003 1434 4058 et

109 4063 223 4198 &effi
273 4097 457 4182 prudentes.
503 4098 548 4160 Et
571 4097 657 4182 quod
681 4096 821 4182 quilibet
844 4097 890 4160 sio
913 4097 1037 4160 electus
1055 4096 1147 4180 juret
1170 4095 1212 4159 ad
1234 4103 1347 4160 saneta
1370 4097 1434 4158 Dei

110 4205 260 4294 {fflfflgffl
274 4202 461 4286 Euangelia
488 4201 539 4266 vel
565 4201 676 4265 saltim
703 4201 910 4284 fidejussores
933 4201 1112 4278 inveniant,
1135 4201 1163 4264 si
1184 4207 1326 4286 petatur,
1349 4197 1435 4282 quod

110 4301 246 4388 ffiffigssd
274 4307 449 4390 diligenter
469 4314 503 4370 et
525 4305 667 4370 fideliter
686 4327 746 4368 sua
767 4304 872 4368 officia
893 4304 1089 4368 exercebunt
1105 4312 1203 4388 prout
1218 4302 1369 4388 superius
1384 4311 1434 4366 est

110 4396 253 4494 §llffffi‘
275 4432 470 4495 expressum.
518 4409 615 4490 Quod
631 4409 658 4474 si
673 4409 845 4495 quisquam
863 4430 975 4473 eorum
991 4408 1133 4472 officium
1149 4407 1190 4472 ad
1207 4406 1293 4492 quod
1310 4405 1435 4470 electus
