3170 5104
317 403 358 466 36
732 421 934 470 cinnamon
957 421 1066 470 omns.

315 570 415 638 habet
441 573 529 638 diem
555 573 597 639 ad
620 574 811 639 solvendum
835 575 867 638 in
892 573 946 639 die
972 574 1156 639 nativitatis
1183 574 1288 640 sancti
1314 572 1476 638 Johannis

314 675 467 784 baptiste.
512 680 567 744 sol.
585 679 756 764 H[orwod]
772 679 825 766 vij.
837 702 860 744 s.
877 688 911 744 et
927 679 983 744 sol.
999 680 1055 766 viij
1069 702 1092 745 a.
1109 679 1282 745 thesauris.
1581 767 1582 771 Ἰ

379 782 547 848 Johannes
574 785 692 850 Pioook
715 793 748 850 et
772 783 878 848 Alioia
901 807 982 848 uxor
1004 784 1075 868 ejus
1097 785 1304 848 intraverunt
1326 780 1474 846 fraterni-
1581 793 1582 799 ’

313 893 416 950 tatem
440 895 474 952 et
496 887 656 952 dederunt
679 889 853 952 elemosine
873 889 896 972 j.
921 911 1016 952 marc.
1040 889 1073 952 in
1097 896 1175 954 toto.

148 977 275 1076 ssffi'*
382 987 565 1053 Willelmus
586 988 680 1052 Pawe
704 997 737 1052 et
762 987 902 1052 Mariota
925 1011 1006 1052 uxor
1028 988 1100 1073 eJ'us
1124 987 1176 1052 ‘’et
1197 987 1366 1052 Johannes
1388 983 1474 1048 filius

312 1091 409 1155 sunso
424 1091 631 1158 intraverunt
648 1093 887 1158 fraternitatem
909 1101 943 1158 et
964 1093 1125 1158 dederunt
1147 1115 1250 1156 unum
1271 1089 1472 1174 mesuagium

307 1193 421 1280 jacens
436 1196 470 1260 in
488 1197 639 1282 parochia
654 1199 759 1262 saneti
774 1198 928 1262 Andree1.

377 1299 545 1365 Johannes
560 1300 727 1388 Dansseye
743 1313 777 1366 et
792 1301 889 1366 Ivota
905 1324 986 1365 uxor
1006 1301 1077 1387 ejus
1098 1302 1305 1365 intraverunt
1327 1298 1474 1361 fraterni·
1580 1351 1581 1380 J

312 1410 416 1468 tatem
444 1411 478 1466 et
503 1403 664 1470 dederunt
690 1407 865 1470 elemosine
892 1405 917 1492 3.
945 1429 1042 1470 maro.
1071 1415 1105 1470 et
1131 1405 1185 1490 xij.
1198 1405 1228 1470 d.
1254 1427 1312 1490 pro
1339 1425 1411 1467 cera
1442 1411 1475 1466 et

312 1505 411 1572 habet
427 1507 513 1572 diem
529 1509 571 1573 ad
587 1510 776 1575 solvendum
794 1511 828 1574 in
845 1511 898 1575 die
915 1510 1021 1574 saneti
1036 1510 1127 1574 Petri
1142 1509 1183 1573 ad
1198 1508 1329 1572 vincula
1349 1515 1384 1571 et
1405 1505 1475 1590 [ad]

312 1610 430 1674 festum
448 1613 682 1698 assumptionis
699 1615 794 1680 beate
811 1615 922 1679 Marie.
969 1615 1024 1679 sol.
1041 1613 1176 1698 cleram]
1196 1613 1376 1697 H[0rwod].
1418 1611 1475 1674 sol.
1580 1665 1581 1686 J

310 1720 417 1777 totum
434 1715 469 1780 T.
486 1715 660 1802 C[ampes].

375 1818 398 1882 J
399 1818 542 1882 ohannes
559 1819 715 1905 Palgraue
732 1830 766 1884 et
781 1822 891 1907 Agnes
908 1844 988 1885 uxor
1004 1821 1075 1907 ejus
1096 1821 1303 1885 intraverunt
1323 1819 1475 1884 fraterni-

310 1929 413 1985 tatem
430 1929 464 1984 et
480 1921 640 1986 dederunt
657 1923 830 1987 elemosine
842 1923 866 2009 j.
885 1946 978 1987 marc.
997 1933 1029 1988 et
1047 1923 1100 2009 xij.
1112 1924 1142 1988 d.
1159 1946 1217 2008 pro
1232 1945 1305 1987 cera
1320 1931 1355 1986 et
1371 1923 1475 1986 habet

309 2024 397 2088 diem
413 2025 454 2090 ad
469 2026 659 2090 solvendum
680 2027 714 2090 in
730 2027 782 2090 die
798 2028 994 2092 Natiuitatis
1016 2027 1120 2092 saneti
1142 2028 1164 2091 J
1166 2026 1305 2090 ohannis
1325 2026 1473 2111 baptiste

309 2135 343 2193 et
358 2129 399 2192 ad
415 2129 545 2193 vincula
561 2130 665 2194 saneti
682 2130 789 2195 Petri:
813 2131 868 2194 sol.
884 2133 919 2196 T.
937 2131 979 2194 H.
996 2140 1113 2194 totum.

372 2233 532 2298 Ricardus
558 2234 763 2320 Soepedham
790 2247 825 2298 et
851 2235 1039 2322 Margareta
1063 2257 1144 2298 uxor
1170 2234 1241 2320 ejus
1267 2235 1477 2298 intraverunt

308 2338 546 2403 fraternitatem
577 2347 611 2404 et
642 2339 803 2404 dederunt
834 2341 1008 2404 elemosine
1041 2339 1066 2425 3.
1098 2361 1192 2404 mare.
1248 2339 1303 2403 sol.
1335 2339 1477 2422 o[eram]

311 2442 483 2526 H[0rwod]
500 2451 533 2506 st
555 2443 655 2506 habet
675 2443 761 2506 diem
783 2443 824 2506 ad
841 2444 1032 2507 solvendum
1048 2444 1081 2507 in
1098 2444 1151 2507 die
1167 2443 1352 2508 nativitatis
1368 2445 1477 2506 sancti

307 2548 467 2613 Johannis
498 2547 640 2632 baptiste
671 2556 705 2612 et
735 2549 968 2632 assumpcionis
1001 2551 1096 2614 beate
1128 2548 1248 2612 Mario:
1281 2547 1336 2612 sol.
1365 2557 1476 2612 totum

310 2652 486 2736 R[icardo].

371 2756 395 2821 J
397 2757 542 2821 ohannes
565 2755 685 2820 Person
710 2755 845 2820 intravit
868 2764 903 2820 et
925 2755 1016 2820 dedit
1038 2756 1213 2820 elemosine
1234 2779 1275 2818 xx
1288 2778 1312 2820 s.
1333 2764 1367 2819 et
1391 2755 1477 2840 vj.d.

305 2882 364 2946 pro
379 2881 453 2924 oera
467 2866 501 2922 et
516 2859 617 2923 habet
633 2858 719 2922 diem
736 2857 777 2922 ad
793 2859 982 2922 solvendum
999 2859 1039 2922 ad
1056 2859 1193 2923 vincula.
1238 2859 1293 2922 sol.
1310 2881 1352 2921 xx
1363 2881 1387 2923 s.

371 2964 540 3030 Johannes
557 2964 721 3050 Sperlyng
735 2963 871 3026 intravit
886 2972 920 3027 et
936 2963 1028 3027 dedit
1047 2963 1221 3028 elemosine
1242 2987 1284 3026 xx
1294 2986 1317 3028 s.
1334 2971 1370 3028 et
1389 2963 1478 3049 vj.d.

305 3091 363 3154 pro
384 3091 457 3134 cera
477 3068 516 3133 ad
541 3068 572 3134 S.
595 3067 636 3132 ad
657 3067 786 3131 vincula
807 3067 911 3132 saneti
933 3068 1030 3132 Petri.
1076 3068 1131 3132 sol.
1147 3090 1201 3132 xs.
1218 3067 1260 3132 H.
1307 3067 1394 3131 Item
1416 3067 1479 3132 sol.

305 3196 359 3240 xs.
375 3173 413 3238 R.

371 3277 564 3362 Radulphus
595 3274 760 3340 Teumark
796 3283 830 3338 et
861 3274 997 3338 Mabilia
1026 3297 1108 3338 uxor
1137 3273 1234 3361 †ejus
1265 3276 1477 3341 intraverunt

304 3383 545 3448 fraternitatem
567 3389 601 3446 et
623 3380 786 3445 dederunt
807 3379 987 3443 elemosine·
1001 3379 1026 3465 j.
1042 3401 1138 3444 marc.
1155 3387 1189 3444 et
1206 3379 1300 3465 xij.d.
1317 3401 1477 3465 procera.

304 3488 359 3553 sol.
375 3486 510 3571 c[eram]
527 3485 596 3572 HA
640 3485 695 3550 sol.
710 3493 818 3549 toturn
836 3483 877 3548 H.

369 3590 536 3656 Johannes
552 3589 737 3674 Briggham.

369 3691 580 3776 †Willelmus
591 3692 725 3756 Salman
737 3691 875 3755 intravit
887 3689 1128 3754 fraternitatem
1141 3697 1176 3754 et
1187 3689 1279 3754 dedit
1292 3690 1476 3755 elemosine

304 3821 354 3864 xx.
364 3820 387 3864 s.
404 3806 439 3888 et
454 3797 495 3884 vj.
506 3797 563 3886 ‘li
578 3819 636 3884 pro
652 3819 725 3862 cera
741 3805 774 3860 et
789 3795 844 3860 sol.
862 3794 903 3880 vj.
914 3795 943 3860 d.
961 3795 1003 3858 H.
1023 3802 1056 3858 et
1072 3795 1267 3880 r[esiduum]
1290 3795 1396 3861 solvet
1418 3797 1478 3861 die
1577 3823 1584 3834 ·

304 3902 453 3988 Corporis
469 3900 600 3968 Christi.

367 4005 415 4091 †J
417 4007 561 4072 ohannes
576 4005 726 4090 Anagold
742 4014 776 4068 et
791 4004 902 4090 Agnes
918 4025 1000 4068 uxor
1015 4003 1112 4090 ejuslr
1127 4005 1335 4069 intraverunt
1354 4005 1477 4070 frater-

303 4113 441 4177 nitatem
459 4119 493 4175 et
508 4109 600 4174 dedit
611 4109 635 4196 j.
653 4131 748 4173 mare.
766 4117 800 4173 et
818 4108 871 4194 xij.
882 4108 912 4174 d.
928 4129 986 4193 pro
1001 4130 1073 4172 cera
1089 4117 1123 4172 et
1138 4109 1194 4173 sol.
1212 4108 1266 4194 xij.
1277 4107 1307 4173 d.
1325 4109 1369 4173 H.
1386 4118 1423 4174 et
1441 4111 1476 4174 r'.

367 4217 478 4302 Agnes
501 4214 541 4278 de
564 4212 674 4276 Reohe
698 4212 836 4276 intravit
858 4211 1099 4276 fraternitatem
1123 4221 1157 4277 et
1182 4211 1273 4276 dedit
1294 4220 1353 4276 etc.
1380 4213 1475 4299 vijs

302 4329 336 4385 et
353 4320 392 4405 vj.
404 4319 433 4383 d.
452 4340 509 4402 pro
526 4339 600 4380 cera
616 4326 648 4380 et
664 4316 718 4379 sol.
735 4315 775 4402 vj.
786 4339 810 4381 s.
828 4317 868 4380 H.
886 4315 936 4380 vel
952 4317 982 4380 J.
999 4313 1168 4401 Chaterys.

577 4438 586 4467 ¹
604 4436 659 4484 The
672 4435 735 4484 deod
747 4437 775 4485 of
785 4435 834 4498 gift
846 4435 895 4484 has
906 4438 953 4486 not
965 4436 1029 4484 been
1042 4435 1131 4488 found.
