3170 5104
701 434 905 484 OAMBRIDGE
928 435 1036 484 GILDS.

625 924 677 988 fol.
702 924 762 989 5b.
809 924 845 1008 [J
848 946 912 988 une
929 928 959 1002 8,
976 921 1130 1006 1357-8.]

134 1118 226 1169 Reoeirt
364 1104 525 1189 Recepeio
541 1105 680 1168 fratrum
695 1126 715 1167 a
737 1104 818 1167 festo
840 1101 993 1188 Corporis
1010 1101 1135 1167 Christi
1150 1123 1236 1166 anno
1251 1099 1338 1186 xxxj.
1355 1122 1467 1184 usque

298 1208 338 1272 ad
355 1209 441 1272 idem
458 1210 580 1273 festum
597 1230 683 1272 anuo
700 1207 857 1272 revolute.

363 1314 533 1378 Johannes
563 1313 594 1378 le
625 1313 736 1398 smyth
774 1311 816 1376 de
851 1311 1017 1376 Fordham
1055 1319 1090 1376 et
1125 1312 1237 1396 Agnes
1273 1331 1354 1374 uxor
1388 1307 1466 1394 ejus

298 1419 505 1482 intraverunt
528 1417 768 1482 fraternitatem
792 1427 826 1482 et
850 1416 1011 1480 dederunt
1039 1416 1215 1480 elemosine
1241 1413 1275 1499 ij.
1302 1435 1399 1478 marc.
1424 1420 1465 1477 et

134 1521 277 1618 {afflig
298 1523 599 1588 ceramsolvendas
620 1522 662 1586 ad
683 1522 849 1586 nundinas
870 1523 911 1586 de
934 1521 1177 1607 Steresbrigg¹:
1199 1519 1303 1606 plegii
1319 1519 1469 1582 Thomas

118 1615 186 1680 »ΜΓ
299 1624 329 1687 le
344 1623 455 1708 smyth
471 1623 512 1687 de
528 1623 742 1708 Cantebrigia
760 1632 794 1688 et
815 1624 959 1686 Thomas
981 1623 1012 1686 le
1034 1623 1143 1707 smyth
1166 1621 1207 1685 de
1223 1618 1462 1684 Bodikesham.

298 1730 354 1794 sol.
386 1729 516 1792 domino
547 1729 695 1792 Johanni
725 1729 766 1792 de
798 1727 960 1792 Bourwell
986 1727 1011 1812 3
1043 1749 1139 1790 marc.
1177 1735 1211 1790 et
1247 1725 1380 1788 domino
1416 1723 1462 1788 de

298 1832 519 1897 Theversham
542 1832 619 1898 dim.
642 1855 739 1896 marc.
760 1842 794 1896 et
809 1831 865 1916 xij.
882 1831 911 1896 d.
928 1853 985 1916 pro
1001 1853 1074 1895 cera
1089 1830 1235 1915 predicto
1251 1829 1397 1894 Johanni
1417 1827 1463 1892 de

297 1936 524 2002 Teveresham.

134 2062 260 2104 namisias
363 2040 533 2104 Johannes
564 2039 714 2103 Hussher
744 2039 784 2102 de
821 2037 985 2102 Bedeford
1021 2047 1055 2102 et
1092 2037 1234 2102 Isabella
1270 2059 1352 2100 uxor
1387 2035 1461 2120 ejus

133 2111 158 2150 of
165 2111 280 2160 purchsse

133 2159 256 2246 ffi33⁰7¹⁰¹
298 2147 505 2210 intraverunt
522 2145 762 2208 fraternitatem
778 2155 812 2208 et
828 2144 937 2230 Roger
953 2143 1030 2227 Hog
1045 2153 1194 2206 mortuus
1210 2152 1245 2206 et
1261 2141 1461 2206 remiserunt

298 2260 425 2336 partem
441 2249 539 2335 precii
557 2258 643 2314 terre
659 2249 738 2313 dicti
755 2248 877 2335 Rogeri
892 2249 981 2332 apud
998 2248 1129 2333 Wykes.

363 2354 525 2419 Dominus
540 2353 733 2438 Radulphus
749 2354 917 2417 Malverne
930 2353 970 2416 de
983 2351 1174 2416 Borewelle²
1185 2351 1295 2436 capel·.

297 2459 399 2524 lanus.

363 2563 534 2628 Johannes
550 2561 637 2625 filius
652 2560 674 2625 J
677 2560 815 2625 ohannis
832 2561 922 2626 Petri
941 2559 1089 2646 Haukyn
1111 2567 1145 2624 et
1161 2559 1291 2643 [blank]
1356 2558 1396 2622 de

297 2693 379 2734 uxor
395 2669 474 2755 ejus
1355 2662 1458 2727 Bore-

362 2775 532 2840 Johennes
562 2773 650 2836 filius
681 2771 782 2836 Petri.
841 2770 1028 2835 Willelmus
1060 2769 1227 2834 Malverne
1257 2777 1292 2833 et
1355 2766 1436 2831 well.

298 2873 422 2940 Oecilia
447 2896 526 2938 uxor
549 2873 629 2958 ejus

362 2979 385 3044 J
387 2979 498 3043 uliana
514 2977 683 3042 Hichecok
701 2976 908 3040 intraverunt
925 2976 1177 3039 fraternitatem.

131 3087 261 3176 ffiffil
363 3085 408 3148 Et
432 3084 523 3148 dedit
546 3082 713 3169 predictus
736 3081 888 3145 dominus
912 3080 1108 3165 Radulphus
1128 3079 1362 3144 reversionem³
1383 3093 1458 3166 post

296 3189 464 3254 decessum
488 3211 594 3266 suum,
618 3211 721 3252 unum
745 3187 952 3272 mesuagium
975 3196 1009 3250 et
1033 3188 1073 3252 lx.
1098 3208 1188 3250 acras
1212 3195 1299 3250 terre
1322 3188 1456 3252 arabilis

297 3293 390 3358 0cum
415 3293 524 3378 pratis,
548 3291 688 3370 vivariis
711 3292 849 3377 pascuis,
872 3300 908 3356 et
930 3291 1091 3376 pasturis⁰
1115 3312 1189 3354 cum
1213 3290 1365 3355 omnibus
1388 3294 1457 3356 suis

295 3398 507 3483 pertinenciis
536 3397 570 3461 in
604 3397 680 3460 villa
710 3405 745 3461 et
775 3397 811 3459 in
837 3395 961 3480 campis
985 3395 1026 3459 de
1050 3395 1207 3459 Borewell
1235 3395 1269 3458 in
1296 3395 1457 3460 comitatu

296 3501 531 3586 Cantebriggie
540 3509 557 3565 ⁴.

361 3607 523 3670 Dominus
546 3605 730 3668 Adomarus
753 3605 793 3668 de
817 3603 1018 3688 Welyngton
1042 3612 1076 3667 et
1099 3603 1254 3687 Hawysie
1276 3626 1358 3667 uxor
1385 3605 1458 3690 ejus

131 3685 264 3783 ididiae
295 3711 502 3775 intraverunt
532 3710 775 3773 fraternitatem
802 3718 837 3773 et
863 3709 1026 3772 dederunt
1045 3708 1069 3792 3
1096 3707 1279 3772 redditum⁶
1307 3731 1455 3774 annuum

296 3817 337 3881 ix.
350 3839 373 3881 s.
393 3815 455 3901 viiJ'.
466 3814 496 3878 d.
512 3814 600 3878 unde
615 3812 661 3897 iij.
671 3835 694 3877 s.
710 3835 879 3898 nunquam
896 3813 1030 3877 fuerunt
1046 3811 1152 3875 soluti.

344 4043 354 4076 ¹
372 4043 429 4105 Sep,
445 4042 485 4090 14.

343 4124 528 4174 2Arterwards
549 4123 653 4173 Fellorr.
688 4124 734 4174 See
757 4123 876 4180 Mamers,
896 4137 920 4184 p.
942 4121 966 4169 6.
1000 4120 1052 4168 For
1070 4120 1114 4168 the
1133 4119 1210 4170 deeds
1231 4123 1259 4170 of
1277 4122 1322 4170 the
1342 4122 1456 4172 Burwell

294 4210 416 4270 property
429 4222 469 4256 see
480 4207 546 4269 App.
559 4207 607 4255 No.
621 4208 661 4258 61.

343 4289 354 4321 ³
370 4291 402 4338 In
414 4289 459 4338 the
470 4290 571 4352 margin
584 4295 600 4318 “
610 4289 704 4340 Nota.’'

343 4371 354 4404 ⁴
371 4371 418 4422 See
429 4372 495 4434 App.
507 4372 556 4420 No.
568 4372 608 4422 61.

343 4453 353 4484 ⁵
371 4453 418 4505 See
430 4455 496 4516 App.
510 4453 560 4502 No.
573 4455 614 4514 33,
628 4467 644 4503 a
655 4455 732 4514 grant
743 4452 772 4500 of
781 4450 824 4516 6J4
835 4450 864 4499 of
873 4453 940 4512 rent,
956 4451 1028 4500 1352.
1063 4449 1094 4498 In
1106 4449 1151 4498 the
1162 4450 1265 4511 margin
1278 4459 1294 4481 ‘⁶
1302 4451 1396 4501 Nota.’'
