3170 5104
256 398 319 462 106
669 411 873 461 causamur
894 411 1003 460 ornus.

256 567 435 646 necionem,
447 575 481 632 et
492 590 549 652 pro
559 567 723 646 firmitate,
730 576 889 655 perpetua
900 567 1040 634 efficacia
1051 575 1086 632 et
1098 568 1216 644 valore,
1222 569 1426 634 auctoritate

255 680 366 736 nostra
396 671 560 738 ordinaria
589 672 625 737 in
655 673 720 738 hiis
757 672 887 760 scriptis
917 673 1123 738 decernimus
1153 682 1188 739 et
1217 674 1426 738 declaramus

255 777 391 863 ipsaque
412 786 446 842 et
466 793 578 842 corum
599 777 730 864 singula
744 777 993 855 auctorizamus,
1008 779 1237 844 confirmamus
1253 787 1287 843 et
1302 801 1425 864 appro-

254 883 370 946 bamus
386 890 420 946 et
436 881 476 946 ad
493 881 638 966 ipsorum
654 881 897 947 observanciam
913 882 1016 948 dictos
1032 883 1148 948 fratres
1164 883 1309 969 ejusdem
1329 883 1426 970 gilde

253 993 421 1070 presentes
451 993 485 1050 et
515 985 643 1050 futuros
673 984 900 1071 adjudicamus
930 994 964 1050 et
994 995 1033 1052 nt
1062 997 1221 1072 perpetue
1251 986 1426 1051 firmitatis

253 1089 351 1153 robur
368 1089 518 1175 optineat
540 1098 684 1154 nostram
705 1090 937 1156 auctoritatem
959 1091 1156 1156 ordinariam
1177 1092 1426 1176 interponimus

87 1216 226 1304 moon·
251 1201 286 1258 et
308 1194 494 1259 decretum:
517 1193 743 1258 Protestantes
765 1193 874 1279 palam
899 1202 933 1258 et
956 1217 1106 1281 expresse
1129 1197 1215 1282 quod
1237 1218 1295 1281 per
1316 1195 1422 1260 istam

103 1323 117 1352 ο
152 1275 198 1351 11⁰n
251 1305 394 1363 nostram
419 1296 702 1362 confirmacionem
724 1319 789 1362 non
810 1297 1015 1363 intendimus
1031 1298 1101 1384 juri
1122 1299 1261 1386 alicujus
1281 1298 1424 1364 ecclesie

87 1466 101 1494 0
116 1465 194 1504 mm
251 1401 444 1487 parochialis
465 1425 521 1467 seu
544 1401 680 1466 alterius
698 1400 933 1486 cujuscumque
954 1401 1015 1466 loci
1031 1403 1082 1466 vel
1103 1425 1240 1488 persone
1255 1404 1290 1467 in
1305 1403 1424 1487 aliquo

87 1502 196 1591 ξξξξξοξ
251 1507 413 1592 derogare.
459 1506 500 1570 In
517 1527 656 1591 quorum
675 1504 823 1569 omnium
844 1513 878 1569 et
898 1505 1101 1591 singulorum
1116 1528 1176 1591 per
1192 1529 1251 1572 nos
1265 1507 1423 1592 superius

95 1603 104 1627 ⁸
251 1612 462 1676 recitatorum
487 1609 714 1676 testimonium
746 1617 780 1673 et
812 1609 942 1694 plenam
973 1609 1071 1674 fidem
1099 1619 1266 1695 presentes
1287 1612 1424 1676 litteras

87 1741 225 1793 wnnmng
251 1726 387 1795 nostras,
413 1725 539 1782 statuta
569 1723 603 1781 et
634 1714 858 1780 ordinaciones
889 1715 1079 1801 hujusmodi
1108 1716 1314 1782 continentes
1344 1717 1424 1782 fieri

86 1790 161 1831 Μ
252 1822 388 1888 fecimus
407 1829 560 1908 patentes
575 1821 640 1906 a[c]
657 1820 764 1906 sigillo
784 1821 880 1884 officii
902 1820 1123 1886 officialitatis
1143 1821 1292 1902 Eliensis,
1307 1823 1422 1908 signo-

251 1950 315 2013 que
337 1935 370 1992 et
390 1927 631 2012 subscripcione
647 1926 784 1992 Roberti
799 1926 840 1992 de
864 1927 992 1991 Foxton
1015 1927 1123 1992 clerici
1147 1929 1268 1994 notarii
1290 1930 1420 2016 publici

86 2057 176 2098 nasu
251 2041 284 2096 et
305 2041 451 2097 aetorum
468 2041 652 2096 nostrorum
667 2031 781 2110 scribe,
799 2031 1026 2096 mandavimus
1047 2033 1247 2120 consignari:
1273 2035 1361 2098 Data
1378 2043 1422 2100 et

85 2106 155 2146 ’ΜΝ
250 2144 324 2200 acta
336 2143 414 2200 sunt
426 2134 486 2199 hec
501 2133 720 2218 suprascripta
735 2155 799 2218 que
815 2132 903 2196 dioto
918 2134 1024 2218 primo
1039 2134 1093 2199 die
1109 2137 1229 2202 mensis
1245 2136 1421 2201 Februarii

251 2239 375 2304 fiebant
398 2249 436 2303 ut
460 2239 621 2325 prefertur
643 2237 705 2302 sub
727 2260 822 2315 anno,
844 2239 1040 2317 Indicumue,
1063 2240 1271 2318 Pontificatu‚
1293 2263 1421 2320 meuse,

86 2373 207 2415 wrm
250 2343 303 2409 die
319 2353 354 2409 et
369 2345 438 2409 loco
453 2343 617 2430 predictis,
629 2343 836 2429 presentibus
852 2343 1002 2410 discretis
1017 2345 1096 2409 viris
1108 2345 1276 2431 Magistris
1288 2345 1421 2411 Thoma

250 2449 290 2513 de
307 2449 497 2515 Gloucestre
514 2447 684 2513 Baculario
699 2447 735 2512 in
751 2447 879 2535 legibus
895 2449 1115 2514 commissario
1129 2458 1241 2514 nostro
1259 2449 1419 2535 generali,

249 2553 401 2620 Johanne
431 2554 472 2618 de
502 2554 623 2617 Potton
653 2553 689 2616 in
721 2553 869 2631 decretis,
898 2553 1050 2620 Johanne
1082 2555 1123 2618 de
1160 2555 1343 2640 Epperston
1378 2563 1421 2620 et

250 2658 414 2723 Willelmo
436 2658 476 2723 de
500 2657 650 2742 Sondeye
672 2657 706 2720 in
727 2657 854 2742 legibus
875 2655 1057 2736 baculariis,
1072 2659 1254 2724 consistorii
1274 2659 1418 2725 Eliensis

249 2763 424 2840 advocatis,
439 2785 476 2827 ao
495 2762 598 2827 eciam
617 2763 761 2828 Waltero
777 2764 923 2851 Wylkyn
945 2766 985 2830 de
1002 2765 1123 2831 Sutton
1140 2766 1266 2830 notario
1283 2765 1417 2849 publico

249 2858 485 2934 Lincolniensis
501 2878 535 2933 et
552 2869 775 2955 Wigornensis
796 2870 974 2936 diocesium
992 2881 1026 2936 et
1046 2871 1119 2936 aliis
1140 2872 1175 2934 in
1195 2870 1416 2935 multitudine

248 2973 377 3059 copiosa
393 2973 533 3039 testibus
548 2973 589 3038 ad
605 2973 762 3058 premissa
778 2975 902 3040 vocatis
917 2975 1103 3059 specialiter
1118 2984 1152 3040 et
1167 2975 1296 3061 rogatis

83 3194 236 3244 signaturam
315 3171 357 3234 Et
379 3193 438 3255 ego
458 3171 624 3235 Robertus
644 3171 685 3234 de
707 3171 834 3235 Foxton
854 3171 989 3235 clericus
1009 3171 1244 3235 Lincolniensis
1266 3169 1414 3247 diocesis,

85 3243 123 3283 ⁸¹¹⁹
132 3242 217 3292 Nm
248 3275 399 3360 publicus
415 3276 609 3340 anctoritate
621 3275 800 3359 apostolica
812 3275 958 3340 notarius
970 3275 1115 3361 dictique
1128 3275 1253 3338 domini
1264 3273 1414 3339 officialis

250 3379 389 3444 Eliensis
400 3380 564 3464 registrari
570 3401 607 3443 us
619 3387 654 3442 et
665 3386 852 3443 attornatus
864 3380 976 3456 scriba,
988 3379 1153 3465 premissis
1165 3378 1412 3443 ordinacionum

249 3492 283 3549 et
313 3493 513 3550 statutorum
548 3483 797 3569 presentacioni,
828 3484 1025 3548 exhibicioni
1055 3493 1090 3548 et
1116 3482 1303 3561 ostensioni,
1333 3506 1411 3569 sup-

248 3589 428 3676 plicacioni,
458 3587 651 3673 inspexioni,
681 3587 930 3664 examinacioni
959 3587 1186 3673 publicacioni,
1217 3587 1347 3651 decreto
1377 3595 1412 3650 et

248 3694 470 3772 declaracioni,
491 3693 749 3768 auctorizacioni‚
770 3692 1020 3771 confirmacioni,
1040 3701 1075 3757 et
1095 3692 1333 3777 approbacioni‚
1353 3691 1411 3756 ad-

243 3796 451 3883 judicaoioni‚
462 3794 668 3860 auctoritatis
680 3802 714 3858 et
726 3793 850 3859 decreti
861 3793 1114 3878 interposicioni,
1123 3817 1160 3860 ac
1170 3794 1411 3880 protestacioni‚

248 3925 371 3967 necnon
384 3900 533 3965 omnibus
546 3898 618 3964 aliis
630 3907 664 3963 et
676 3897 814 3983 singulis
825 3920 883 3983 per
898 3898 1023 3963 dictum
1040 3897 1209 3963 dominum
1227 3898 1408 3964 Officialcm

248 4005 412 4070 Ellensem
435 4017 469 4070 et
489 4002 747 4068 commissarium
767 4002 917 4087 superius
937 4001 1084 4066 recitatis
1105 4001 1185 4065 dum
1209 4002 1256 4066 sio
1276 4011 1316 4066 ut
1336 4024 1409 4087 pre·

248 4110 393 4175 mittitur
407 4131 467 4195 per
482 4108 622 4172 eundem
639 4117 673 4172 et
689 4129 795 4171 coram
812 4129 851 4171 eo
866 4105 1049 4190 agebantur
1060 4117 1094 4170 et
1106 4105 1229 4171 fiebant
1241 4105 1302 4171 sub
1314 4129 1409 4185 anno,

246 4214 432 4292 indictione,
456 4213 664 4290 Pontificatn,
687 4232 807 4288 mense,
829 4209 883 4274 die
905 4217 939 4274 et
962 4209 1032 4274 loco
1055 4208 1205 4295 superius
1226 4209 1409 4296 designatis

246 4341 312 4384 una
338 4341 413 4384 cum
440 4315 675 4403 prenominatis
702 4313 842 4379 testibus
869 4313 1083 4399 personaliter
1108 4336 1241 4400 presens
1265 4313 1409 4392 interfui,

246 4446 348 4510 eaque
371 4423 416 4488 sic
439 4421 510 4486 fieri
533 4419 600 4485 vidi
623 4428 658 4484 et
680 4419 792 4484 audivi
815 4419 906 4484 etin
929 4419 992 4484 hiis
1014 4418 1142 4484 duabus
1164 4419 1287 4484 cedulis
1309 4418 1410 4482 simul
