3170 5104
470 419 603 468 consus
626 419 764 467 cnarsrr
786 419 877 467 oran.
1213 403 1255 466 39

162 572 229 638 Rio.
245 572 485 638 Theveresham
501 573 581 638 alias
597 572 746 657 Rithwys
766 572 806 636 de
823 573 933 636 Lenne
955 571 1090 636 intravit
1111 578 1145 634 et
1164 569 1256 634 dedit

99 678 170 742 dim.
194 701 289 744 maro.
314 687 348 742 et
370 678 471 744 habet
493 678 580 743 diem
603 677 637 742 in
659 678 744 742 festo
766 676 976 742 exaltacionis
998 683 1109 740 sancte
1133 673 1254 742 Crucis.

98 783 149 848 sol.
165 805 273 848 ceram
289 784 330 848 Η.
377 783 432 849 sol.
449 791 559 848 totum
575 783 688 848 Hardi.

608 1103 660 1167 fol.
684 1102 747 1170 6b.

157 1269 346 1334 Willelmus
373 1268 490 1334 Sterne
520 1267 561 1332 de
592 1267 801 1354 Haslingfeld
832 1276 866 1333 et
897 1267 1035 1332 Matilda
1064 1291 1145 1332 uxor
1174 1268 1254 1354 ejus,

98 1374 260 1439 Walterus
283 1373 401 1439 Sterne
424 1383 519 1459 pater
538 1373 619 1459 ejus,
634 1383 667 1436 et
684 1371 873 1439 Christiana
893 1395 974 1436 uxor
994 1372 1074 1458 ejus,
1094 1372 1257 1437 Robertus

95 1477 209 1542 Sterne
225 1487 263 1543 et
279 1478 417 1542 Matilda
432 1500 515 1542 uxor
529 1477 600 1564 ejus
615 1477 823 1541 intraverunt
844 1476 1084 1541 fraternitatem
1106 1484 1139 1540 et
1159 1475 1256 1540 dede-

96 1591 170 1646 runt
199 1582 378 1647 elemosine
409 1582 484 1646 xlc.
515 1589 549 1646 et
579 1603 694 1645 ceram.
740 1581 795 1646 sol.
827 1579 976 1666 ⁰Hardy⁰
1007 1588 1123 1646 totum.
1169 1579 1256 1644 Item

96 1685 185 1751 dedit
208 1710 263 1751 xx.
273 1709 297 1751 a.

157 1791 324 1856 Robertus
340 1789 510 1855 Stretham
531 1789 650 1854 barker
670 1797 706 1853 et
725 1788 838 1873 Agnes
858 1811 939 1853 uxor
960 1787 1031 1874 ejus
1052 1789 1257 1853 intraverunt

95 1895 335 1960 fraternitatem
361 1902 396 1958 et
422 1892 584 1956 dederunt
611 1893 786 1958 elemosine
808 1893 833 1978 j.
859 1916 954 1958 marc.
981 1901 1015 1957 et
1041 1915 1155 1958 ceram.
1201 1893 1256 1958 sol.

96 2020 198 2062 ceram
215 1997 333 2082 Hardy
349 2007 383 2061 et
403 1997 528 2061 habent
544 1995 631 2061 diem
652 1997 693 2061 de
714 1997 877 2060 solucione
898 1997 933 2060 in
953 1997 1130 2062 nativitate
1151 1995 1256 2061 sancti

74 2099 257 2166 'Johannis
278 2101 440 2185 baptiste;
462 2101 613 2188 pleggius
635 2101 710 2165 Joh.
734 2099 774 2165 de
798 2101 877 2186 Byri
899 2102 1024 2166 barker.
1070 2101 1125 2165 sol.
1149 2109 1257 2165 totum

96 2205 215 2292 Hardy.

158 2310 233 2375 Joh.
261 2308 389 2373 Waklre
412 2308 518 2373 senior
544 2317 578 2373 et
603 2309 677 2374 Joh.
703 2305 829 2372 Wakke
852 2309 941 2373 filius
963 2317 998 2373 et
1020 2309 1155 2374 Juliana
1178 2333 1259 2375 uxor

96 2413 165 2498 eJ'us
187 2415 398 2478 intraverunt
419 2413 659 2478 fraternitatem
681 2420 715 2476 et
736 2412 897 2477 dederunt
917 2413 1092 2478 elemosine
1112 2414 1145 2502 ij.
1161 2439 1257 2481 marc.

97 2527 128 2581 et
149 2515 280 2582 ceram:
302 2515 426 2602 pleggii
448 2516 522 2580 Joh.
546 2515 681 2581 Baldok.
727 2525 760 2580 et
780 2517 836 2581 sol.
855 2539 906 2582 xx.
916 2539 939 2581 s.
962 2517 1004 2582 H.
1026 2518 1113 2584 unde
1136 2519 1258 2584 debent

97 2621 148 2707 vij.
158 2645 182 2687 a.
199 2633 235 2686 et
252 2621 318 2706 viiJ'.
328 2621 358 2685 d.
405 2628 439 2685 et
454 2620 510 2684 sol.
527 2619 635 2704 viij.d.
651 2641 709 2704 pro
724 2641 797 2684 cera
813 2620 854 2683 H.

160 2725 231 2788 Rio.
261 2723 417 2788 Tristram
444 2722 580 2787 intravit
607 2722 847 2787 fraternitatem
870 2732 905 2788 et
927 2725 1018 2789 dedit
1041 2726 1214 2791 elemosine
1232 2727 1256 2814 j.

98 2851 190 2893 marc.
207 2836 243 2892 et
259 2826 341 2912 vj.d.
357 2848 521 2912 procera:
544 2826 599 2890 sol.
617 2827 658 2891 H.
675 2827 787 2912 plegg'.
810 2829 814 2835 ’
833 2827 888 2892 sol.
905 2837 1013 2892 totum
1030 2829 1152 2914 Hardy.

162 2931 348 2996 Willelmus
364 2931 501 3014 Mayner
517 2938 551 2993 et
567 2929 708 2994 Isabella
728 2952 807 2994 uxor
827 2930 899 3016 eJ'us
919 2931 1126 2998 intraverunt
1145 2934 1257 2998 frater-

98 3037 238 3102 nitatem
261 3047 296 3100 et
316 3035 479 3100 dederunt
500 3034 675 3098 elemosine
692 3033 717 3119 j.
734 3057 829 3098 marc.
851 3044 885 3099 et
905 3035 959 3122 xij.
970 3035 999 3100 d.
1021 3059 1178 3122 procera.
1224 3047 1258 3103 et

99 3140 220 3205 habent
244 3140 332 3204 diem
355 3139 396 3204 de
419 3138 583 3202 solucione
606 3138 745 3202 infesto
769 3138 873 3202 sancti
896 3138 1081 3204 Lamberti:
1111 3141 1259 3228 pleggius

99 3243 211 3309 Simon
227 3245 268 3309 de
285 3243 439 3309 Sleforde.
484 3243 540 3309 sol.
556 3265 662 3306 ceram
679 3243 722 3307 H.
767 3243 821 3306 sol.
838 3251 945 3307 totum
961 3244 1004 3308 H.

162 3349 324 3414 Dominus
351 3348 521 3412 Johannes
545 3347 585 3412 de
609 3347 806 3412 Wesebeohe
830 3346 1015 3430 capellanus
1038 3349 1174 3414 intravit
1197 3351 1259 3414 fra-

15 3531 16 3544 *
99 3455 289 3519 temitatem
316 3459 350 3517 et
375 3451 467 3516 dedit
494 3450 669 3515 elemosine
697 3449 773 3514 dim.
801 3472 896 3514 marc.
924 3459 959 3515 et
987 3451 1066 3537 vj.d.
1095 3476 1152 3538 pro
1178 3477 1257 3519 cera

15 3609 17 3648 J
100 3556 153 3623 sol.
175 3565 285 3622 totum
309 3555 431 3640 Hardy.

15 3659 17 3668 ’
163 3660 326 3726 Dominus
354 3660 502 3746 Rogerus
532 3658 805 3722 Attetownshend
836 3659 877 3722 de
906 3661 1005 3726 Wilbi
1031 3673 1065 3726 et
1092 3663 1260 3728 Johannes

15 3805 19 3840 J
101 3767 200 3831 frater
219 3765 290 3852 ejus
310 3765 426 3841 senior,
449 3763 612 3827 Walterus
635 3771 670 3828 et
694 3763 800 3826 Alioia
821 3773 916 3848 pater
938 3776 972 3830 et
995 3776 1100 3830 mater
1121 3769 1260 3853 predicti

102 3869 223 3934 domini
250 3865 455 3956 †Roggeri†,
476 3868 644 3933 Johannes
670 3867 771 3932 frater
793 3868 864 3953 eJ'us
886 3870 998 3954 junior
1020 3879 1054 3934 et
1079 3871 1261 3936 Willelmus

15 4051 16 4058 ἵ
104 3995 202 4060 nepos
232 3971 371 4058 predicti
397 3970 519 4057 Rogeri
545 3973 750 4034 intraverunt
776 3972 1015 4036 fraternitatem
1040 3983 1074 4037 et
1099 3975 1261 4040 dederunt

104 4077 276 4142 elemosine
312 4078 353 4140 xl.
369 4099 393 4141 s.
425 4075 477 4139 ‘'et
505 4075 551 4160 iij.
567 4097 590 4140 s.
621 4098 679 4160 pro
714 4077 804 4140 cera⁰
835 4099 916 4162 quos
946 4077 1113 4143 Johannes
1143 4081 1259 4164 Hardy

15 4257 16 4266 .
103 4181 325 4246 stationarius1
358 4177 580 4244 universitatis
611 4178 831 4266 Oantebrigie‚
857 4191 1047 4266 procurator
1073 4184 1258 4270 ⁰prediote⁰

15 4415 20 4468 ἶ
151 4361 160 4393 ¹
177 4363 232 4414 The
243 4361 386 4414 stationers
396 4362 451 4412 lent
461 4360 543 4412 books
553 4361 607 4410 and
618 4360 694 4413 Mes.
707 4365 735 4412 at
747 4377 762 4412 a
773 4362 842 4414 fixed
853 4363 924 4426 price
934 4368 961 4414 to
971 4363 1097 4414 scholare.
1125 4365 1262 4426 Rashdall,

106 4457 124 4492 1.
136 4445 240 4505 19-21,
252 4447 300 4495 eto.
