3170 5104
229 457 232 466 ·
323 403 365 478 lt)
739 429 941 478 cinnamon
964 429 1074 478 auos.

157 577 289 666 fflfflll
322 585 418 651 Gildo
435 584 603 672 0Corporis
620 585 743 650 Christi
765 585 893 651 Oant’⁰¹
915 585 1037 669 recepit
1058 606 1116 668 pro
1137 581 1278 668 quodam
1301 581 1490 666 portiforio¹

157 671 258 770 ἱῗὲςῖἒιᾱ
322 690 469 776 predicto
490 691 617 776 Rogero
638 689 792 754 faciendo.
838 690 927 754 Et
902 712 948 753 sic
968 689 1115 774 quietum
1139 686 1295 752 clamavit
1316 709 1375 771 pro
1398 684 1490 768 †se†

158 768 260 865 wiri
323 801 357 858 et
388 804 504 859 execut
491 794 615 858 toribus
642 793 709 857 suis
735 793 917 878 predictum
945 793 1131 857 Johannem
1161 791 1203 856 de
1233 791 1380 876 predicta
1410 813 1489 854 con-

323 897 478 962 vencione
504 907 542 962 ut
569 897 655 962 dicte
683 896 779 962 Gilde
805 896 927 960 dictam
950 895 1123 981 pecuniam
1146 895 1292 959 solveret.
1338 893 1402 957 ⁰Et
1425 893 1492 957 hoc

323 1002 521 1088 assignavit⁰
538 1003 591 1067 die
613 1001 767 1066 Mercurii
789 1001 936 1086 proxima
955 1011 1032 1064 ante
1053 1001 1173 1065 festum
1195 998 1300 1062 sancti
1321 997 1491 1062 Johannis

323 1106 466 1192 baptiste
483 1129 569 1171 anno
589 1105 713 1170 domini
734 1113 796 1170 um
812 1114 898 1170 ccc¹¹¹⁰
919 1107 966 1169 lmo
985 1106 1014 1190 j⁰
1034 1105 1068 1168 in
1090 1105 1185 1168 domo
1205 1103 1344 1189 predicti
1366 1103 1491 1186 Rogeri

252 1217 255 1224 '
324 1210 410 1296 apud
437 1210 592 1295 Wyleby:
623 1209 676 1274 ⁰et
702 1211 791 1274 venit
815 1210 977 1294 predictus
999 1208 1151 1274 dominus
1174 1209 1321 1294 Rogerus
1343 1208 1378 1271 in
1402 1208 1491 1272 festo

324 1315 533 1380 exaltacionis
567 1314 705 1408 Sancte.
725 1314 855 1381 Crucis⁰
891 1324 925 1379 et
958 1314 1131 1379 ratificavit
1161 1316 1271 1378 omnia
1300 1313 1492 1398 supradicta

325 1419 490 1483 Willelmo
514 1418 700 1502 H[orwood]
726 1429 759 1482 et
782 1419 932 1483 comitive
956 1418 1042 1483 dicte
1066 1418 1170 1483 Gilde.

393 1521 575 1586 Willelmus
598 1521 796 1586 Brokedisch
820 1523 957 1586 intravit
978 1521 1219 1586 fraternitatem
1241 1529 1275 1586 et
1296 1520 1387 1585 dedit
1409 1520 1493 1586 dim.

325 1647 419 1689 marc.
444 1633 479 1689 et
501 1648 607 1690 ceram
631 1636 665 1689 et
687 1625 787 1689 habet
812 1625 898 1688 diem
921 1625 963 1689 ad
991 1624 1183 1689 solvendum
1209 1625 1243 1688 in
1271 1625 1353 1688 festo
1380 1624 1493 1687 sancti

326 1728 503 1793 Michaelis.
550 1729 604 1793 sol.
629 1729 669 1793 xl.
680 1729 709 1794 d.
735 1728 808 1792 ⁰R.⁰

392 1834 576 1898 Willclmus
591 1833 678 1898 Prist
694 1843 727 1898 et
744 1834 847 1899 Elena
863 1857 942 1898 uxor
957 1834 1028 1919 ejus
1044 1834 1085 1899 de
1101 1834 1258 1898 Pinkotes
1278 1833 1494 1897 intraverunt

327 1938 565 2003 fraternitatem
580 1946 614 2004 et
632 1938 793 2002 dederunt
813 1938 987 2003 elemosine
1006 1939 1031 2025 j.
1049 1961 1145 2004 marc.
1161 1948 1196 2002 et
1211 1937 1265 2023 xij.
1275 1938 1306 2003 d.
1325 1959 1383 2021 pro
1405 1959 1493 2001 cera.

326 2041 381 2107 sol.
398 2042 440 2106 H.

392 2146 576 2211 Willelmus
592 2147 694 2213 Dassa
710 2157 744 2213 et
760 2148 922 2212 Katerina
938 2171 1018 2213 uxor
1032 2149 1104 2234 ejus
1120 2149 1160 2213 de
1176 2147 1344 2213 Swofham
1360 2147 1493 2211 Bolbek

326 2251 532 2316 intraverunt
562 2252 801 2318 fraternitatem
828 2264 862 2322 et
888 2172 1061 2318 dederuntJ
1076 2251 1290 2317 elemosine
1276 2274 1301 2337 J.
1328 2273 1427 2316 marc.
1457 2260 1494 2316 et
1577 2243 1578 2324 l

327 2355 381 2441 xij.
392 2355 421 2420 d.
438 2378 495 2441 pro
511 2367 632 2422 ceraet
619 2358 775 2423 thabent
796 2358 884 2422 diem
905 2357 946 2422 ad
967 2357 1187 2422 solvendum
1180 2380 1214 2420 rn
1235 2357 1316 2421 festo
1285 2357 1493 2442 tcpurifica-

327 2460 428 2524 cionis
451 2460 548 2526 beate
573 2462 684 2527 Mario.
711 2463 839 2549 plegius
862 2463 1031 2527 Johannes
1059 2463 1182 2548 Hardy.
1228 2462 1282 2526 sol
1308 2461 1405 2527 xiid
1433 2484 1493 2546 pro
1577 2485 1578 2521 l

327 2586 401 2628 cera
422 2573 456 2628 et
479 2565 533 2629 sol.
558 2565 600 2630 H.
624 2574 741 2632 totum.

394 2667 581 2734 Christiana
602 2669 643 2735 de
664 2671 817 2736 Oxebour
837 2671 974 2735 intravit
995 2671 1233 2735 fraternitatem
1255 2680 1289 2735 et
1309 2670 1402 2734 dedit
1425 2673 1493 2736 ele-

327 2774 451 2838 mosine
466 2799 517 2840 xx.
528 2799 551 2840 s.
597 2777 651 2842 sol.
668 2785 815 2862 tempore
830 2777 994 2863 ingressus
1010 2786 1044 2840 et
1066 2775 1146 2861 vj.d.
1166 2798 1224 2861 pro
1245 2798 1326 2840 cera.
1371 2776 1428 2841 sol.
1453 2776 1492 2840 R.

327 2885 443 2942 totum.
1576 2861 1577 2904 t

394 2981 445 3046 De
461 2983 688 3048 executoribus
702 2982 922 3069 JJohannesJJ
937 2984 978 3048 de
994 2984 1139 3048 Denford
1155 3008 1204 3049 xv.
1215 3007 1238 3049 s.
1284 2984 1340 3049 sol.
1357 2983 1400 3048 H.

293 3109 316 3140 ετ
394 3086 462 3150 Ric.
487 3086 610 3151 Alberd
636 3097 746 3152 noster
772 3088 880 3153 Reder
906 3088 1043 3152 intravit
1070 3089 1310 3153 fraternitatem
1337 3099 1371 3152 et
1397 3089 1496 3154 dedit

330 3190 503 3255 elemosine
527 3191 602 3256 dim.
627 3213 722 3256 maro.
746 3201 780 3256 et
804 3191 884 3277 vj.d.
909 3214 966 3277 pro
990 3214 1070 3258 cera.
1117 3192 1170 3256 sol.
1194 3215 1301 3256 ceram
1325 3192 1367 3257 H.

394 3289 563 3359 Johannes
584 3295 776 3379 Somirswey
793 3303 827 3360 et
847 3294 987 3359 Matilda
1007 3318 1089 3360 uxor
1110 3295 1180 3381 ejus
1200 3296 1405 3360 intraverunt
1428 3299 1494 3362 fra-

330 3399 521 3464 ternitatem
545 3408 579 3464 et
601 3400 777 3465 dederunt⁸
799 3401 974 3466 elemosine
996 3424 1081 3467 aas.
1105 3410 1140 3466 et
1162 3401 1260 3487 xij.d.
1285 3423 1340 3485 pro
1362 3423 1438 3466 cera
1460 3412 1496 3466 et
1575 3449 1576 3490 3

330 3504 495 3568 solverunt
510 3512 656 3590 tempore
672 3505 842 3590 ingressus.
1575 3571 1576 3600 J

396 3607 418 3670 J
420 3606 563 3671 ohannes
579 3608 693 3673 Berele
709 3617 743 3674 et
760 3609 945 3694 Margareta
961 3631 1042 3672 uxor
1057 3608 1128 3694 ejus
1149 3609 1355 3673 intraverunt
1376 3609 1495 3674 frater-
1575 3623 1576 3674 i

330 3709 470 3774 nitatem
497 3719 531 3775 et
557 3712 718 3776 dederunt
744 3713 918 3778 elemosine
945 3714 1041 3777 xvia.
1069 3721 1102 3776 et
1128 3713 1222 3797 xiju.
1249 3736 1308 3799 pro
1338 3721 1425 3778 cera⁴
1459 3724 1495 3779 et

330 3814 454 3879 habent
476 3815 562 3880 diem
586 3815 627 3881 ad
650 3817 843 3882 solvendum
866 3818 908 3882 ad
929 3817 1092 3882 Natalem.
1130 3818 1185 3882 sol.
1211 3839 1315 3882 ceram
1342 3826 1494 3906 tempore

330 3942 502 4007 ingressus.

396 4025 564 4090 lohannes
583 4025 743 4111 Joachym
764 4027 900 4092 intravit
920 4027 1160 4092 fraternitatem
1185 4050 1242 4113 pro
1263 4028 1363 4111 c[era]
1379 4051 1408 4094 a.
1424 4052 1449 4093 r.
1468 4051 1492 4092 r.

577 4204 586 4236 ¹
604 4206 702 4254 traebat
713 4204 815 4255 written
828 4205 881 4255 and
892 4205 956 4256 then
968 4207 1057 4257 struck
1068 4207 1190 4269 through.

577 4284 588 4316 ¹
603 4286 754 4348 Apertable
765 4286 890 4349 breviary.

577 4368 588 4400 ⁸
604 4369 637 4417 In
648 4368 693 4418 the
703 4369 805 4432 margin
818 4373 835 4398 “
843 4371 888 4420 sed
898 4370 1013 4421 nescitur
1023 4371 1090 4421 cui.’'

578 4451 589 4482 ⁴
605 4451 638 4499 ln
649 4451 695 4500 the
705 4451 806 4514 margin
820 4455 836 4480 ‘⁸
844 4453 960 4503 nescitur
971 4453 1038 4504 oui.”
