<?xml version="1.0" encoding="UTF-8"?>
<!DOCTYPE html PUBLIC "-//W3C//DTD XHTML 1.0 Transitional//EN"
    "http://www.w3.org/TR/xhtml1/DTD/xhtml1-transitional.dtd">
<html xmlns="http://www.w3.org/1999/xhtml" xml:lang="en" lang="en">
 <head>
  <title>
</title>
<meta http-equiv="Content-Type" content="text/html;charset=utf-8" />
  <meta name='ocr-system' content='tesseract 3.04.00' />
  <meta name='ocr-capabilities' content='ocr_page ocr_carea ocr_par ocr_line ocrx_word'/>
</head>
<body>
  <div class='ocr_page' id='page_1' title='image "./cambridgegildre00cunngoog_0100.png"; bbox 0 0 3170 5104; ppageno 0'>
   <div class='ocr_carea' id='block_1_1' title="bbox 496 417 1284 479">
    <p class='ocr_par' dir='ltr' id='par_1_1' title="bbox 496 417 1284 479">
     <span class='ocr_line' id='line_1_1' title="bbox 496 417 1284 479; baseline 0.006 -5"><span class='ocrx_word' id='word_1_1' title='bbox 496 426 630 474; x_wconf 81' lang='lat' dir='ltr'><strong>ooaros</strong></span> <span class='ocrx_word' id='word_1_2' title='bbox 652 427 791 475; x_wconf 82' lang='lat' dir='ltr'><strong>osnrsrr</strong></span> <span class='ocrx_word' id='word_1_3' title='bbox 813 427 906 476; x_wconf 79' lang='lat' dir='ltr'><strong>omn.</strong></span> <span class='ocrx_word' id='word_1_4' title='bbox 1243 417 1284 479; x_wconf 84' lang='lat'><strong>53</strong></span> 
     </span>
    </p>
   </div>
   <div class='ocr_carea' id='block_1_2' title="bbox 0 579 1285 1088">
    <p class='ocr_par' dir='ltr' id='par_1_2' title="bbox 0 579 1285 982">
     <span class='ocr_line' id='line_1_2' title="bbox 188 579 1285 670; baseline 0.007 -28"><span class='ocrx_word' id='word_1_5' title='bbox 188 579 351 643; x_wconf 90' lang='lat' dir='ltr'><strong>Martinus</strong></span> <span class='ocrx_word' id='word_1_6' title='bbox 375 580 519 652; x_wconf 85' lang='lat' dir='ltr'><strong>3aecher¹</strong></span> <span class='ocrx_word' id='word_1_7' title='bbox 544 581 584 646; x_wconf 92' lang='lat' dir='ltr'><strong>de</strong></span> <span class='ocrx_word' id='word_1_8' title='bbox 612 583 735 647; x_wconf 89' lang='lat' dir='ltr'><strong>Histon</strong></span> <span class='ocrx_word' id='word_1_9' title='bbox 758 592 793 648; x_wconf 91' lang='lat' dir='ltr'><strong>et</strong></span> <span class='ocrx_word' id='word_1_10' title='bbox 818 583 956 649; x_wconf 87' lang='lat' dir='ltr'><strong>Matilda</strong></span> <span class='ocrx_word' id='word_1_11' title='bbox 980 607 1062 648; x_wconf 87' lang='lat' dir='ltr'><strong>uxor</strong></span> <span class='ocrx_word' id='word_1_12' title='bbox 1086 583 1158 670; x_wconf 87' lang='lat' dir='ltr'><strong>ejus</strong></span> <span class='ocrx_word' id='word_1_13' title='bbox 1183 585 1285 650; x_wconf 86' lang='lat' dir='ltr'><strong>intra-</strong></span> 
     </span>
     <span class='ocr_line' id='line_1_3' title="bbox 0 673 1285 775; baseline 0.007 -29"><span class='ocrx_word' id='word_1_14' title='bbox 0 673 1 684; x_wconf 37' lang='lat'><em>*</em></span> <span class='ocrx_word' id='word_1_15' title='bbox 119 692 240 748; x_wconf 88' lang='lat' dir='ltr'><strong>verunt</strong></span> <span class='ocrx_word' id='word_1_16' title='bbox 263 685 505 750; x_wconf 74' lang='lat' dir='ltr'><strong>fraternitatem</strong></span> <span class='ocrx_word' id='word_1_17' title='bbox 529 695 564 751; x_wconf 92' lang='lat' dir='ltr'><strong>et</strong></span> <span class='ocrx_word' id='word_1_18' title='bbox 586 687 748 752; x_wconf 89' lang='lat' dir='ltr'><strong>dederunt</strong></span> <span class='ocrx_word' id='word_1_19' title='bbox 770 689 945 754; x_wconf 86' lang='lat' dir='ltr'>elemosine</span> <span class='ocrx_word' id='word_1_20' title='bbox 968 711 1044 756; x_wconf 84' lang='lat' dir='ltr'><strong>xxa.</strong></span> <span class='ocrx_word' id='word_1_21' title='bbox 1065 699 1100 754; x_wconf 90' lang='lat' dir='ltr'><strong>et</strong></span> <span class='ocrx_word' id='word_1_22' title='bbox 1119 689 1164 774; x_wconf 82' lang='lat' dir='ltr'><strong>xij</strong></span> <span class='ocrx_word' id='word_1_23' title='bbox 1176 689 1206 755; x_wconf 88' lang='lat' dir='ltr'><strong>d.</strong></span> <span class='ocrx_word' id='word_1_24' title='bbox 1227 712 1285 775; x_wconf 93' lang='lat' dir='ltr'><strong>pro</strong></span> 
     </span>
     <span class='ocr_line' id='line_1_4' title="bbox 119 787 1285 858; baseline 0.007 -8"><span class='ocrx_word' id='word_1_25' title='bbox 119 808 201 851; x_wconf 86' lang='lat' dir='ltr'><strong>oera</strong></span> <span class='ocrx_word' id='word_1_26' title='bbox 247 796 282 852; x_wconf 91' lang='lat' dir='ltr'><strong>et</strong></span> <span class='ocrx_word' id='word_1_27' title='bbox 303 787 428 853; x_wconf 91' lang='lat' dir='ltr'><strong>habent</strong></span> <span class='ocrx_word' id='word_1_28' title='bbox 449 788 537 854; x_wconf 91' lang='lat' dir='ltr'><strong>diem</strong></span> <span class='ocrx_word' id='word_1_29' title='bbox 552 790 591 854; x_wconf 90' lang='lat' dir='ltr'><strong>ad</strong></span> <span class='ocrx_word' id='word_1_30' title='bbox 610 790 801 855; x_wconf 84' lang='lat' dir='ltr'><strong>solvendum</strong></span> <span class='ocrx_word' id='word_1_31' title='bbox 817 791 852 854; x_wconf 91' lang='lat' dir='ltr'><strong>in</strong></span> <span class='ocrx_word' id='word_1_32' title='bbox 873 793 954 855; x_wconf 88' lang='lat' dir='ltr'><strong>festo</strong></span> <span class='ocrx_word' id='word_1_33' title='bbox 975 792 1160 857; x_wconf 83' lang='lat' dir='ltr'><strong>nativitatis</strong></span> <span class='ocrx_word' id='word_1_34' title='bbox 1180 793 1285 858; x_wconf 86' lang='lat' dir='ltr'><strong>sancti</strong></span> 
     </span>
     <span class='ocr_line' id='line_1_5' title="bbox 1 890 918 982; baseline 0.009 -29"><span class='ocrx_word' id='word_1_35' title='bbox 1 935 2 982; x_wconf 59' lang='lat'>4</span> <span class='ocrx_word' id='word_1_36' title='bbox 118 890 282 956; x_wconf 89' lang='lat' dir='ltr'><strong>Johannis</strong></span> <span class='ocrx_word' id='word_1_37' title='bbox 298 892 449 976; x_wconf 75' lang='lat' dir='ltr'><strong>baptiste.</strong></span> <span class='ocrx_word' id='word_1_38' title='bbox 494 894 549 960; x_wconf 90' lang='lat' dir='ltr'><strong>sol.</strong></span> <span class='ocrx_word' id='word_1_39' title='bbox 565 903 673 958; x_wconf 90' lang='lat' dir='ltr'><strong>totum</strong></span> <span class='ocrx_word' id='word_1_40' title='bbox 691 895 739 961; x_wconf 93' lang='lat' dir='ltr'><strong>W.</strong></span> <span class='ocrx_word' id='word_1_41' title='bbox 756 895 918 961; x_wconf 80' lang='lat' dir='ltr'><strong>servienti.</strong></span> 
     </span>
    </p>

    <p class='ocr_par' dir='ltr' id='par_1_3' title="bbox 186 994 1284 1088">
     <span class='ocr_line' id='line_1_6' title="bbox 186 994 1284 1088; baseline 0.007 -30"><span class='ocrx_word' id='word_1_42' title='bbox 186 994 328 1060; x_wconf 80' lang='lat' dir='ltr'><strong>Thomas</strong></span> <span class='ocrx_word' id='word_1_43' title='bbox 344 996 517 1083; x_wconf 87' lang='lat' dir='ltr'><strong>Chapman</strong></span> <span class='ocrx_word' id='word_1_44' title='bbox 532 999 573 1063; x_wconf 90' lang='lat' dir='ltr'><strong>de</strong></span> <span class='ocrx_word' id='word_1_45' title='bbox 589 999 619 1064; x_wconf 89' lang='lat' dir='ltr'><strong>le</strong></span> <span class='ocrx_word' id='word_1_46' title='bbox 634 999 744 1084; x_wconf 82' lang='lat' dir='ltr'><strong>howys</strong></span> <span class='ocrx_word' id='word_1_47' title='bbox 760 1009 794 1064; x_wconf 89' lang='lat' dir='ltr'><strong>et</strong></span> <span class='ocrx_word' id='word_1_48' title='bbox 813 1001 971 1065; x_wconf 88' lang='lat' dir='ltr'><strong>Amllesia</strong></span> <span class='ocrx_word' id='word_1_49' title='bbox 991 1023 1073 1066; x_wconf 87' lang='lat' dir='ltr'><strong>uxor</strong></span> <span class='ocrx_word' id='word_1_50' title='bbox 1091 1002 1162 1088; x_wconf 89' lang='lat' dir='ltr'><strong>ejus</strong></span> <span class='ocrx_word' id='word_1_51' title='bbox 1183 1002 1284 1066; x_wconf 89' lang='lat' dir='ltr'><strong>intra-</strong></span> 
     </span>
    </p>
   </div>
   <div class='ocr_carea' id='block_1_3' title="bbox 117 1099 1285 1189">
    <p class='ocr_par' dir='ltr' id='par_1_4' title="bbox 117 1099 1285 1189">
     <span class='ocr_line' id='line_1_7' title="bbox 117 1099 1285 1189; baseline 0.008 -28"><span class='ocrx_word' id='word_1_52' title='bbox 117 1108 238 1163; x_wconf 87' lang='lat' dir='ltr'><strong>verunt</strong></span> <span class='ocrx_word' id='word_1_53' title='bbox 254 1099 495 1164; x_wconf 84' lang='lat' dir='ltr'><strong>fraternitatem</strong></span> <span class='ocrx_word' id='word_1_54' title='bbox 512 1111 546 1166; x_wconf 90' lang='lat' dir='ltr'><strong>et</strong></span> <span class='ocrx_word' id='word_1_55' title='bbox 567 1103 730 1168; x_wconf 88' lang='lat' dir='ltr'><strong>dederunt</strong></span> <span class='ocrx_word' id='word_1_56' title='bbox 750 1103 924 1168; x_wconf 90' lang='lat' dir='ltr'><strong>elemosine</strong></span> <span class='ocrx_word' id='word_1_57' title='bbox 945 1103 967 1189; x_wconf 91' lang='lat' dir='ltr'><strong>ij</strong></span> <span class='ocrx_word' id='word_1_58' title='bbox 991 1126 1086 1169; x_wconf 87' lang='lat' dir='ltr'><strong>mare.</strong></span> <span class='ocrx_word' id='word_1_59' title='bbox 1107 1113 1141 1168; x_wconf 89' lang='lat' dir='ltr'><strong>et</strong></span> <span class='ocrx_word' id='word_1_60' title='bbox 1162 1105 1285 1170; x_wconf 92' lang='lat' dir='ltr'><strong>habent</strong></span> 
     </span>
    </p>
   </div>
   <div class='ocr_carea' id='block_1_4' title="bbox 0 1200 1336 1293">
    <p class='ocr_par' dir='ltr' id='par_1_5' title="bbox 0 1200 1336 1293">
     <span class='ocr_line' id='line_1_8' title="bbox 0 1200 1336 1293; baseline 0.006 -28"><span class='ocrx_word' id='word_1_61' title='bbox 0 1256 6 1281; x_wconf 47' lang='lat' dir='ltr'>J</span> <span class='ocrx_word' id='word_1_62' title='bbox 117 1203 207 1267; x_wconf 93' lang='lat' dir='ltr'><strong>diem</strong></span> <span class='ocrx_word' id='word_1_63' title='bbox 230 1204 271 1267; x_wconf 93' lang='lat' dir='ltr'><strong>ad</strong></span> <span class='ocrx_word' id='word_1_64' title='bbox 295 1204 520 1291; x_wconf 88' lang='lat' dir='ltr'><strong>solvendumj</strong></span> <span class='ocrx_word' id='word_1_65' title='bbox 544 1229 640 1272; x_wconf 89' lang='lat' dir='ltr'><strong>marc.</strong></span> <span class='ocrx_word' id='word_1_66' title='bbox 661 1207 696 1270; x_wconf 91' lang='lat' dir='ltr'><strong>in</strong></span> <span class='ocrx_word' id='word_1_67' title='bbox 719 1208 802 1271; x_wconf 89' lang='lat' dir='ltr'><strong>festo</strong></span> <span class='ocrx_word' id='word_1_68' title='bbox 825 1208 865 1272; x_wconf 94' lang='lat' dir='ltr'><strong>de</strong></span> <span class='ocrx_word' id='word_1_69' title='bbox 888 1206 1030 1293; x_wconf 79' lang='lat' dir='ltr'><strong>Corpore</strong></span> <span class='ocrx_word' id='word_1_70' title='bbox 1052 1208 1174 1274; x_wconf 85' lang='lat' dir='ltr'><strong>Christi</strong></span> <span class='ocrx_word' id='word_1_71' title='bbox 1195 1219 1229 1274; x_wconf 91' lang='lat' dir='ltr'><strong>et</strong></span> <span class='ocrx_word' id='word_1_72' title='bbox 1250 1210 1284 1273; x_wconf 92' lang='lat' dir='ltr'><strong>in</strong></span> <span class='ocrx_word' id='word_1_73' title='bbox 1330 1200 1336 1213; x_wconf 61' lang='lat'>⁸</span> 
     </span>
    </p>
   </div>
   <div class='ocr_carea' id='block_1_5' title="bbox 116 1307 1284 1704">
    <p class='ocr_par' dir='ltr' id='par_1_6' title="bbox 116 1307 1284 1497">
     <span class='ocr_line' id='line_1_9' title="bbox 116 1307 1284 1396; baseline 0.006 -26"><span class='ocrx_word' id='word_1_74' title='bbox 116 1307 201 1371; x_wconf 88' lang='lat' dir='ltr'><strong>festo</strong></span> <span class='ocrx_word' id='word_1_75' title='bbox 229 1307 334 1372; x_wconf 87' lang='lat' dir='ltr'><strong>sancti</strong></span> <span class='ocrx_word' id='word_1_76' title='bbox 361 1308 489 1373; x_wconf 89' lang='lat' dir='ltr'><strong>Mathei</strong></span> <span class='ocrx_word' id='word_1_77' title='bbox 515 1309 654 1394; x_wconf 90' lang='lat' dir='ltr'><strong>apostoli</strong></span> <span class='ocrx_word' id='word_1_78' title='bbox 676 1309 690 1394; x_wconf 91' lang='lat' dir='ltr'>j</span> <span class='ocrx_word' id='word_1_79' title='bbox 721 1333 816 1375; x_wconf 90' lang='lat' dir='ltr'><strong>marc.</strong></span> <span class='ocrx_word' id='word_1_80' title='bbox 843 1321 877 1376; x_wconf 88' lang='lat' dir='ltr'><strong>et</strong></span> <span class='ocrx_word' id='word_1_81' title='bbox 904 1311 948 1396; x_wconf 83' lang='lat' dir='ltr'><strong>xij</strong></span> <span class='ocrx_word' id='word_1_82' title='bbox 960 1310 990 1376; x_wconf 86' lang='lat' dir='ltr'><strong>d.</strong></span> <span class='ocrx_word' id='word_1_83' title='bbox 1017 1333 1076 1396; x_wconf 92' lang='lat' dir='ltr'><strong>pro</strong></span> <span class='ocrx_word' id='word_1_84' title='bbox 1102 1334 1182 1377; x_wconf 84' lang='lat' dir='ltr'><strong>cera</strong></span> <span class='ocrx_word' id='word_1_85' title='bbox 1227 1313 1284 1378; x_wconf 86' lang='lat' dir='ltr'><strong>sol.</strong></span> 
     </span>
     <span class='ocr_line' id='line_1_10' title="bbox 119 1410 374 1497; baseline 0.016 -23"><span class='ocrx_word' id='word_1_86' title='bbox 119 1410 168 1475; x_wconf 92' lang='lat' dir='ltr'><strong>W.</strong></span> <span class='ocrx_word' id='word_1_87' title='bbox 193 1410 374 1497; x_wconf 89' lang='lat' dir='ltr'><strong>Chapman.</strong></span> 
     </span>
    </p>

    <p class='ocr_par' dir='ltr' id='par_1_7' title="bbox 116 1513 1283 1704">
     <span class='ocr_line' id='line_1_11' title="bbox 184 1513 1283 1602; baseline 0.005 -25"><span class='ocrx_word' id='word_1_88' title='bbox 184 1513 327 1579; x_wconf 84' lang='lat' dir='ltr'><strong>Thomas</strong></span> <span class='ocrx_word' id='word_1_89' title='bbox 350 1515 490 1580; x_wconf 91' lang='lat' dir='ltr'><strong>Pulham</strong></span> <span class='ocrx_word' id='word_1_90' title='bbox 515 1524 549 1581; x_wconf 90' lang='lat' dir='ltr'><strong>et</strong></span> <span class='ocrx_word' id='word_1_91' title='bbox 571 1517 732 1582; x_wconf 87' lang='lat' dir='ltr'><strong>Katerina</strong></span> <span class='ocrx_word' id='word_1_92' title='bbox 753 1539 833 1580; x_wconf 85' lang='lat' dir='ltr'><strong>uxor</strong></span> <span class='ocrx_word' id='word_1_93' title='bbox 853 1517 924 1602; x_wconf 90' lang='lat' dir='ltr'><strong>ejus</strong></span> <span class='ocrx_word' id='word_1_94' title='bbox 944 1517 1151 1582; x_wconf 89' lang='lat' dir='ltr'><strong>intraverunt</strong></span> <span class='ocrx_word' id='word_1_95' title='bbox 1171 1518 1283 1584; x_wconf 89' lang='lat' dir='ltr'><strong>frater-</strong></span> 
     </span>
     <span class='ocr_line' id='line_1_12' title="bbox 116 1617 1283 1704; baseline 0.005 -24"><span class='ocrx_word' id='word_1_96' title='bbox 116 1617 258 1682; x_wconf 88' lang='lat' dir='ltr'><strong>nitatem</strong></span> <span class='ocrx_word' id='word_1_97' title='bbox 275 1628 310 1682; x_wconf 89' lang='lat' dir='ltr'><strong>et</strong></span> <span class='ocrx_word' id='word_1_98' title='bbox 325 1619 488 1684; x_wconf 89' lang='lat' dir='ltr'><strong>dederunt</strong></span> <span class='ocrx_word' id='word_1_99' title='bbox 503 1620 679 1684; x_wconf 89' lang='lat' dir='ltr'><strong>elemosine</strong></span> <span class='ocrx_word' id='word_1_100' title='bbox 695 1643 738 1683; x_wconf 83' lang='lat' dir='ltr'><strong>xx</strong></span> <span class='ocrx_word' id='word_1_101' title='bbox 746 1642 770 1684; x_wconf 80' lang='lat' dir='ltr'><strong>a.</strong></span> <span class='ocrx_word' id='word_1_102' title='bbox 787 1628 821 1683; x_wconf 89' lang='lat' dir='ltr'><strong>et</strong></span> <span class='ocrx_word' id='word_1_103' title='bbox 837 1619 881 1704; x_wconf 90' lang='lat' dir='ltr'><strong>xij</strong></span> <span class='ocrx_word' id='word_1_104' title='bbox 893 1619 922 1684; x_wconf 85' lang='lat' dir='ltr'><strong>d.</strong></span> <span class='ocrx_word' id='word_1_105' title='bbox 940 1642 1086 1704; x_wconf 87' lang='lat' dir='ltr'><strong>procera</strong></span> <span class='ocrx_word' id='word_1_106' title='bbox 1106 1631 1140 1686; x_wconf 90' lang='lat' dir='ltr'><strong>et</strong></span> <span class='ocrx_word' id='word_1_107' title='bbox 1161 1621 1283 1686; x_wconf 89' lang='lat' dir='ltr'><strong>habent</strong></span> 
     </span>
    </p>
   </div>
   <div class='ocr_carea' id='block_1_6' title="bbox 1 1722 1283 1791">
    <p class='ocr_par' dir='ltr' id='par_1_8' title="bbox 1 1722 1283 1791">
     <span class='ocr_line' id='line_1_13' title="bbox 1 1722 1283 1791; baseline 0.002 -3"><span class='ocrx_word' id='word_1_108' title='bbox 1 1733 2 1788; x_wconf 81' lang='lat' dir='ltr'><strong>l</strong></span> <span class='ocrx_word' id='word_1_109' title='bbox 116 1722 204 1788; x_wconf 91' lang='lat' dir='ltr'><strong>diem</strong></span> <span class='ocrx_word' id='word_1_110' title='bbox 232 1722 276 1787; x_wconf 92' lang='lat' dir='ltr'><strong>ad</strong></span> <span class='ocrx_word' id='word_1_111' title='bbox 301 1725 495 1790; x_wconf 89' lang='lat' dir='ltr'><strong>solvendum</strong></span> <span class='ocrx_word' id='word_1_112' title='bbox 524 1725 559 1790; x_wconf 92' lang='lat' dir='ltr'><strong>in</strong></span> <span class='ocrx_word' id='word_1_113' title='bbox 591 1727 675 1790; x_wconf 89' lang='lat' dir='ltr'><strong>festo</strong></span> <span class='ocrx_word' id='word_1_114' title='bbox 701 1725 806 1790; x_wconf 85' lang='lat' dir='ltr'><strong>saneti</strong></span> <span class='ocrx_word' id='word_1_115' title='bbox 830 1725 921 1789; x_wconf 87' lang='lat' dir='ltr'><strong>Petri</strong></span> <span class='ocrx_word' id='word_1_116' title='bbox 944 1725 984 1789; x_wconf 84' lang='lat' dir='ltr'><strong>ad</strong></span> <span class='ocrx_word' id='word_1_117' title='bbox 1011 1725 1142 1790; x_wconf 87' lang='lat' dir='ltr'><strong>vincula</strong></span> <span class='ocrx_word' id='word_1_118' title='bbox 1167 1749 1220 1791; x_wconf 85' lang='lat' dir='ltr'><strong>xa</strong></span> <span class='ocrx_word' id='word_1_119' title='bbox 1248 1736 1283 1791; x_wconf 92' lang='lat' dir='ltr'><strong>et</strong></span> 
     </span>
    </p>
   </div>
   <div class='ocr_carea' id='block_1_7' title="bbox 116 1827 1282 1914">
    <p class='ocr_par' dir='ltr' id='par_1_9' title="bbox 116 1827 1282 1914">
     <span class='ocr_line' id='line_1_14' title="bbox 116 1827 1282 1914; baseline 0.004 -25"><span class='ocrx_word' id='word_1_120' title='bbox 116 1827 216 1890; x_wconf 90' lang='lat' dir='ltr'><strong>aliam</strong></span> <span class='ocrx_word' id='word_1_121' title='bbox 232 1827 320 1891; x_wconf 88' lang='lat' dir='ltr'><strong>diem</strong></span> <span class='ocrx_word' id='word_1_122' title='bbox 336 1828 377 1892; x_wconf 93' lang='lat' dir='ltr'><strong>ad</strong></span> <span class='ocrx_word' id='word_1_123' title='bbox 394 1829 586 1894; x_wconf 89' lang='lat' dir='ltr'><strong>solvendum</strong></span> <span class='ocrx_word' id='word_1_124' title='bbox 607 1830 689 1893; x_wconf 83' lang='lat' dir='ltr'><strong>eitra</strong></span> <span class='ocrx_word' id='word_1_125' title='bbox 709 1829 829 1892; x_wconf 89' lang='lat' dir='ltr'><strong>festum</strong></span> <span class='ocrx_word' id='word_1_126' title='bbox 851 1829 956 1893; x_wconf 87' lang='lat' dir='ltr'><strong>sancti</strong></span> <span class='ocrx_word' id='word_1_127' title='bbox 978 1829 1105 1894; x_wconf 89' lang='lat' dir='ltr'><strong>Mathei</strong></span> <span class='ocrx_word' id='word_1_128' title='bbox 1126 1829 1282 1914; x_wconf 87' lang='lat' dir='ltr'><strong>apostoli:</strong></span> 
     </span>
    </p>
   </div>
   <div class='ocr_carea' id='block_1_8' title="bbox 1 1930 1281 2016">
    <p class='ocr_par' dir='ltr' id='par_1_10' title="bbox 1 1930 1281 2016">
     <span class='ocr_line' id='line_1_15' title="bbox 1 1930 1281 2016; baseline 0.003 -24"><span class='ocrx_word' id='word_1_129' title='bbox 1 1959 2 1962; x_wconf 39' lang='lat'>¹</span> <span class='ocrx_word' id='word_1_130' title='bbox 116 1930 269 2016; x_wconf 85' lang='lat' dir='ltr'><strong>pleggius</strong></span> <span class='ocrx_word' id='word_1_131' title='bbox 300 1931 351 1996; x_wconf 93' lang='lat' dir='ltr'><strong>W.</strong></span> <span class='ocrx_word' id='word_1_132' title='bbox 383 1931 563 2016; x_wconf 87' lang='lat' dir='ltr'><strong>Chapman.</strong></span> <span class='ocrx_word' id='word_1_133' title='bbox 617 1931 672 1996; x_wconf 88' lang='lat' dir='ltr'><strong>sol.</strong></span> <span class='ocrx_word' id='word_1_134' title='bbox 703 1955 724 1994; x_wconf 88' lang='lat' dir='ltr'><strong>x</strong></span> <span class='ocrx_word' id='word_1_135' title='bbox 740 1954 763 1996; x_wconf 85' lang='lat' dir='ltr'><strong>a.</strong></span> <span class='ocrx_word' id='word_1_136' title='bbox 794 1931 997 2014; x_wconf 87' lang='lat' dir='ltr'><strong>th[esaurie].</strong></span> <span class='ocrx_word' id='word_1_137' title='bbox 1051 1933 1106 1997; x_wconf 88' lang='lat' dir='ltr'><strong>sol.</strong></span> <span class='ocrx_word' id='word_1_138' title='bbox 1138 1932 1281 1996; x_wconf 87' lang='lat' dir='ltr'><strong>Henrico</strong></span> 
     </span>
    </p>
   </div>
   <div class='ocr_carea' id='block_1_9' title="bbox 115 2036 1281 2520">
    <p class='ocr_par' dir='ltr' id='par_1_11' title="bbox 115 2036 1281 2520">
     <span class='ocr_line' id='line_1_16' title="bbox 117 2036 310 2101; baseline 0.016 -3"><span class='ocrx_word' id='word_1_139' title='bbox 117 2036 187 2099; x_wconf 89' lang='lat' dir='ltr'><strong>Tan</strong></span> <span class='ocrx_word' id='word_1_140' title='bbox 213 2059 310 2101; x_wconf 88' lang='lat' dir='ltr'><strong>mere.</strong></span> 
     </span>
     <span class='ocr_line' id='line_1_17' title="bbox 184 2058 1281 2227; baseline 0 -23"><span class='ocrx_word' id='word_1_141' title='bbox 184 2058 379 2226; x_wconf 67' lang='lat' dir='ltr'><strong>lgtadulphus</strong></span> <span class='ocrx_word' id='word_1_142' title='bbox 399 2141 440 2205; x_wconf 92' lang='lat' dir='ltr'><strong>de</strong></span> <span class='ocrx_word' id='word_1_143' title='bbox 464 2141 598 2205; x_wconf 86' lang='lat' dir='ltr'><strong>Watton</strong></span> <span class='ocrx_word' id='word_1_144' title='bbox 619 2141 720 2204; x_wconf 88' lang='lat' dir='ltr'><strong>soluit</strong></span> <span class='ocrx_word' id='word_1_145' title='bbox 741 2140 873 2204; x_wconf 79' lang='lat' dir='ltr'><strong>Rectori</strong></span> <span class='ocrx_word' id='word_1_146' title='bbox 894 2140 971 2206; x_wconf 90' lang='lat' dir='ltr'><strong>dim.</strong></span> <span class='ocrx_word' id='word_1_147' title='bbox 993 2162 1088 2205; x_wconf 90' lang='lat' dir='ltr'><strong>mare.</strong></span> <span class='ocrx_word' id='word_1_148' title='bbox 1110 2163 1150 2204; x_wconf 85' lang='lat' dir='ltr'><strong>ex</strong></span> <span class='ocrx_word' id='word_1_149' title='bbox 1174 2141 1281 2227; x_wconf 86' lang='lat' dir='ltr'><strong>legato</strong></span> 
     </span>
     <span class='ocr_line' id='line_1_18' title="bbox 116 2235 1176 2310; baseline 0.004 -2"><span class='ocrx_word' id='word_1_150' title='bbox 116 2244 278 2308; x_wconf 87' lang='lat' dir='ltr'><strong>Johannis</strong></span> <span class='ocrx_word' id='word_1_151' title='bbox 295 2245 443 2310; x_wconf 84' lang='lat' dir='ltr'><strong>Glovere.</strong></span> <span class='ocrx_word' id='word_1_152' title='bbox 1174 2235 1176 2238; x_wconf 29' lang='lat'>⁵</span> 
     </span>
     <span class='ocr_line' id='line_1_19' title="bbox 182 2348 1280 2436; baseline -0.003 -23"><span class='ocrx_word' id='word_1_153' title='bbox 182 2349 350 2414; x_wconf 88' lang='lat' dir='ltr'><strong>Walterus</strong></span> <span class='ocrx_word' id='word_1_154' title='bbox 365 2351 470 2436; x_wconf 86' lang='lat' dir='ltr'><strong>Frape</strong></span> <span class='ocrx_word' id='word_1_155' title='bbox 487 2362 521 2415; x_wconf 92' lang='lat' dir='ltr'><strong>et</strong></span> <span class='ocrx_word' id='word_1_156' title='bbox 537 2350 696 2436; x_wconf 89' lang='lat' dir='ltr'><strong>Dionysia</strong></span> <span class='ocrx_word' id='word_1_157' title='bbox 712 2371 793 2413; x_wconf 88' lang='lat' dir='ltr'><strong>uxor</strong></span> <span class='ocrx_word' id='word_1_158' title='bbox 813 2348 884 2433; x_wconf 88' lang='lat' dir='ltr'><strong>ejus</strong></span> <span class='ocrx_word' id='word_1_159' title='bbox 904 2348 1111 2412; x_wconf 86' lang='lat' dir='ltr'><strong>intraverunt</strong></span> <span class='ocrx_word' id='word_1_160' title='bbox 1131 2348 1280 2412; x_wconf 87' lang='lat' dir='ltr'><strong>fraterni-</strong></span> 
     </span>
     <span class='ocr_line' id='line_1_20' title="bbox 115 2454 731 2520; baseline 0 -2"><span class='ocrx_word' id='word_1_161' title='bbox 115 2462 221 2518; x_wconf 88' lang='lat' dir='ltr'><strong>tatem</strong></span> <span class='ocrx_word' id='word_1_162' title='bbox 237 2463 271 2518; x_wconf 92' lang='lat' dir='ltr'><strong>et</strong></span> <span class='ocrx_word' id='word_1_163' title='bbox 287 2454 449 2520; x_wconf 88' lang='lat' dir='ltr'><strong>dederunt</strong></span> <span class='ocrx_word' id='word_1_164' title='bbox 465 2455 640 2519; x_wconf 87' lang='lat' dir='ltr'><strong>elemosine</strong></span> <span class='ocrx_word' id='word_1_165' title='bbox 655 2476 731 2518; x_wconf 83' lang='lat' dir='ltr'><strong>xxa.</strong></span> 
     </span>
    </p>
   </div>
   <div class='ocr_carea' id='block_1_10' title="bbox 454 2688 949 2775">
    <p class='ocr_par' dir='ltr' id='par_1_12' title="bbox 454 2688 949 2775">
     <span class='ocr_line' id='line_1_21' title="bbox 454 2688 949 2775; baseline -0.006 -21"><span class='ocrx_word' id='word_1_166' title='bbox 454 2691 487 2774; x_wconf 85' lang='lat'><strong>[2</strong></span> <span class='ocrx_word' id='word_1_167' title='bbox 511 2690 619 2754; x_wconf 88' lang='lat' dir='ltr'><strong>leaves</strong></span> <span class='ocrx_word' id='word_1_168' title='bbox 637 2688 751 2774; x_wconf 89' lang='lat' dir='ltr'><strong>joined</strong></span> <span class='ocrx_word' id='word_1_169' title='bbox 774 2688 949 2775; x_wconf 73' lang='lat' dir='ltr'><strong>together]</strong></span> 
     </span>
    </p>
   </div>
   <div class='ocr_carea' id='block_1_11' title="bbox 447 2894 951 2977">
    <p class='ocr_par' dir='ltr' id='par_1_13' title="bbox 447 2894 951 2977">
     <span class='ocr_line' id='line_1_22' title="bbox 447 2894 951 2977; baseline -0.002 -19"><span class='ocrx_word' id='word_1_170' title='bbox 447 2895 515 2958; x_wconf 90' lang='lat' dir='ltr'><strong>leaf</strong></span> <span class='ocrx_word' id='word_1_171' title='bbox 535 2898 593 2958; x_wconf 92' lang='lat' dir='ltr'><strong>la.</strong></span> <span class='ocrx_word' id='word_1_172' title='bbox 640 2894 742 2977; x_wconf 84' lang='lat' dir='ltr'><strong>[June</strong></span> <span class='ocrx_word' id='word_1_173' title='bbox 767 2897 818 2971; x_wconf 81' lang='lat'><strong>12,</strong></span> <span class='ocrx_word' id='word_1_174' title='bbox 842 2894 951 2977; x_wconf 67' lang='lat'>1354]</span> 
     </span>
    </p>
   </div>
   <div class='ocr_carea' id='block_1_12' title="bbox 115 3055 1279 4288">
    <p class='ocr_par' dir='ltr' id='par_1_14' title="bbox 117 3055 1279 3251">
     <span class='ocr_line' id='line_1_23' title="bbox 181 3055 1279 3143; baseline -0.004 -17"><span class='ocrx_word' id='word_1_175' title='bbox 181 3061 327 3126; x_wconf 89' lang='lat' dir='ltr'><strong>Nomina</strong></span> <span class='ocrx_word' id='word_1_176' title='bbox 357 3061 492 3124; x_wconf 87' lang='lat' dir='ltr'><strong>fratrum</strong></span> <span class='ocrx_word' id='word_1_177' title='bbox 525 3066 623 3143; x_wconf 82' lang='lat' dir='ltr'><strong>capta</strong></span> <span class='ocrx_word' id='word_1_178' title='bbox 652 3057 687 3120; x_wconf 92' lang='lat' dir='ltr'><strong>in</strong></span> <span class='ocrx_word' id='word_1_179' title='bbox 710 3059 793 3122; x_wconf 89' lang='lat' dir='ltr'><strong>festo</strong></span> <span class='ocrx_word' id='word_1_180' title='bbox 816 3057 857 3122; x_wconf 92' lang='lat' dir='ltr'><strong>de</strong></span> <span class='ocrx_word' id='word_1_181' title='bbox 881 3056 1022 3142; x_wconf 82' lang='lat' dir='ltr'><strong>Corpore</strong></span> <span class='ocrx_word' id='word_1_182' title='bbox 1047 3055 1170 3122; x_wconf 88' lang='lat' dir='ltr'><strong>Christi</strong></span> <span class='ocrx_word' id='word_1_183' title='bbox 1193 3079 1279 3122; x_wconf 83' lang='lat' dir='ltr'><strong>anno</strong></span> 
     </span>
     <span class='ocr_line' id='line_1_24' title="bbox 117 3165 228 3251; baseline 0 -21"><span class='ocrx_word' id='word_1_184' title='bbox 117 3165 228 3251; x_wconf 77' lang='lat' dir='ltr'><strong>xxviij.</strong></span> 
     </span>
    </p>

    <p class='ocr_par' dir='ltr' id='par_1_15' title="bbox 115 3264 1279 3666">
     <span class='ocr_line' id='line_1_25' title="bbox 181 3264 1279 3352; baseline -0.004 -18"><span class='ocrx_word' id='word_1_185' title='bbox 181 3269 351 3335; x_wconf 87' lang='lat' dir='ltr'><strong>Johannes</strong></span> <span class='ocrx_word' id='word_1_186' title='bbox 367 3268 397 3333; x_wconf 93' lang='lat' dir='ltr'><strong>le</strong></span> <span class='ocrx_word' id='word_1_187' title='bbox 416 3269 578 3352; x_wconf 88' lang='lat' dir='ltr'><strong>skynnere</strong></span> <span class='ocrx_word' id='word_1_188' title='bbox 595 3267 635 3330; x_wconf 91' lang='lat' dir='ltr'><strong>de</strong></span> <span class='ocrx_word' id='word_1_189' title='bbox 657 3266 761 3330; x_wconf 90' lang='lat' dir='ltr'><strong>Parva</strong></span> <span class='ocrx_word' id='word_1_190' title='bbox 781 3264 934 3331; x_wconf 86' lang='lat' dir='ltr'><strong>Shelford</strong></span> <span class='ocrx_word' id='word_1_191' title='bbox 954 3287 1011 3349; x_wconf 94' lang='lat' dir='ltr'><strong>pro</strong></span> <span class='ocrx_word' id='word_1_192' title='bbox 1032 3265 1223 3330; x_wconf 89' lang='lat' dir='ltr'><strong>induocione</strong></span> <span class='ocrx_word' id='word_1_193' title='bbox 1244 3266 1279 3330; x_wconf 93' lang='lat' dir='ltr'><strong>in</strong></span> 
     </span>
     <span class='ocr_line' id='line_1_26' title="bbox 116 3367 1279 3456; baseline -0.002 -20"><span class='ocrx_word' id='word_1_194' title='bbox 116 3373 356 3438; x_wconf 86' lang='lat' dir='ltr'><strong>fraternitatem</strong></span> <span class='ocrx_word' id='word_1_195' title='bbox 376 3373 389 3456; x_wconf 93' lang='lat' dir='ltr'>j</span> <span class='ocrx_word' id='word_1_196' title='bbox 409 3394 503 3436; x_wconf 82' lang='lat' dir='ltr'><strong>maro.</strong></span> <span class='ocrx_word' id='word_1_197' title='bbox 520 3379 554 3436; x_wconf 91' lang='lat' dir='ltr'><strong>et</strong></span> <span class='ocrx_word' id='word_1_198' title='bbox 575 3393 682 3436; x_wconf 87' lang='lat' dir='ltr'><strong>ceram</strong></span> <span class='ocrx_word' id='word_1_199' title='bbox 703 3370 790 3434; x_wconf 91' lang='lat' dir='ltr'><strong>unde</strong></span> <span class='ocrx_word' id='word_1_200' title='bbox 812 3370 912 3434; x_wconf 90' lang='lat' dir='ltr'><strong>soluit</strong></span> <span class='ocrx_word' id='word_1_201' title='bbox 933 3367 1010 3434; x_wconf 91' lang='lat' dir='ltr'><strong>dim.</strong></span> <span class='ocrx_word' id='word_1_202' title='bbox 1032 3377 1066 3433; x_wconf 89' lang='lat' dir='ltr'><strong>et</strong></span> <span class='ocrx_word' id='word_1_203' title='bbox 1088 3368 1129 3432; x_wconf 92' lang='lat' dir='ltr'><strong>de</strong></span> <span class='ocrx_word' id='word_1_204' title='bbox 1150 3369 1279 3434; x_wconf 91' lang='lat' dir='ltr'><strong>residuo</strong></span> 
     </span>
     <span class='ocr_line' id='line_1_27' title="bbox 115 3472 1279 3560; baseline -0.002 -21"><span class='ocrx_word' id='word_1_205' title='bbox 115 3476 214 3540; x_wconf 89' lang='lat' dir='ltr'><strong>habet</strong></span> <span class='ocrx_word' id='word_1_206' title='bbox 238 3475 325 3540; x_wconf 91' lang='lat' dir='ltr'><strong>diem</strong></span> <span class='ocrx_word' id='word_1_207' title='bbox 350 3487 453 3560; x_wconf 75' lang='lat' dir='ltr'><strong>usque</strong></span> <span class='ocrx_word' id='word_1_208' title='bbox 476 3476 595 3539; x_wconf 89' lang='lat' dir='ltr'><strong>festum</strong></span> <span class='ocrx_word' id='word_1_209' title='bbox 619 3473 723 3538; x_wconf 85' lang='lat' dir='ltr'><strong>saneti</strong></span> <span class='ocrx_word' id='word_1_210' title='bbox 748 3472 917 3536; x_wconf 86' lang='lat' dir='ltr'><strong>Michaelis</strong></span> <span class='ocrx_word' id='word_1_211' title='bbox 941 3494 1028 3556; x_wconf 88' lang='lat' dir='ltr'><strong>prox.</strong></span> <span class='ocrx_word' id='word_1_212' title='bbox 1051 3472 1198 3537; x_wconf 90' lang='lat' dir='ltr'><strong>futurum</strong></span> <span class='ocrx_word' id='word_1_213' title='bbox 1221 3496 1279 3559; x_wconf 85' lang='lat' dir='ltr'><strong>per</strong></span> 
     </span>
     <span class='ocr_line' id='line_1_28' title="bbox 116 3576 821 3666; baseline -0.007 -22"><span class='ocrx_word' id='word_1_214' title='bbox 116 3581 262 3666; x_wconf 82' lang='lat' dir='ltr'><strong>plegium</strong></span> <span class='ocrx_word' id='word_1_215' title='bbox 284 3579 445 3644; x_wconf 86' lang='lat' dir='ltr'><strong>Johannis</strong></span> <span class='ocrx_word' id='word_1_216' title='bbox 469 3577 594 3642; x_wconf 88' lang='lat' dir='ltr'><strong>Heved.</strong></span> <span class='ocrx_word' id='word_1_217' title='bbox 619 3577 662 3640; x_wconf 86' lang='lat' dir='ltr'><strong>Et</strong></span> <span class='ocrx_word' id='word_1_218' title='bbox 680 3576 821 3661; x_wconf 91' lang='lat' dir='ltr'><strong>juratus.</strong></span> 
     </span>
    </p>

    <p class='ocr_par' dir='ltr' id='par_1_16' title="bbox 116 3679 1278 4082">
     <span class='ocr_line' id='line_1_29' title="bbox 181 3679 1277 3765; baseline -0.005 -15"><span class='ocrx_word' id='word_1_219' title='bbox 181 3686 350 3750; x_wconf 87' lang='lat' dir='ltr'><strong>Johannes</strong></span> <span class='ocrx_word' id='word_1_220' title='bbox 365 3683 538 3747; x_wconf 86' lang='lat' dir='ltr'><strong>Coudman</strong></span> <span class='ocrx_word' id='word_1_221' title='bbox 555 3681 595 3745; x_wconf 88' lang='lat' dir='ltr'><strong>de</strong></span> <span class='ocrx_word' id='word_1_222' title='bbox 617 3679 807 3745; x_wconf 85' lang='lat' dir='ltr'><strong>Scheldford</strong></span> <span class='ocrx_word' id='word_1_223' title='bbox 830 3681 950 3765; x_wconf 83' lang='lat' dir='ltr'><strong>Magna</strong></span> <span class='ocrx_word' id='word_1_224' title='bbox 970 3679 1107 3744; x_wconf 89' lang='lat' dir='ltr'><strong>intravit</strong></span> <span class='ocrx_word' id='word_1_225' title='bbox 1129 3681 1277 3745; x_wconf 88' lang='lat' dir='ltr'><strong>fraterni-</strong></span> 
     </span>
     <span class='ocr_line' id='line_1_30' title="bbox 116 3785 1277 3870; baseline -0.003 -16"><span class='ocrx_word' id='word_1_226' title='bbox 116 3800 218 3854; x_wconf 85' lang='lat' dir='ltr'><strong>tatem</strong></span> <span class='ocrx_word' id='word_1_227' title='bbox 235 3799 269 3854; x_wconf 89' lang='lat' dir='ltr'><strong>et</strong></span> <span class='ocrx_word' id='word_1_228' title='bbox 285 3787 377 3853; x_wconf 91' lang='lat' dir='ltr'><strong>dedit</strong></span> <span class='ocrx_word' id='word_1_229' title='bbox 393 3787 568 3852; x_wconf 90' lang='lat' dir='ltr'><strong>elemosine</strong></span> <span class='ocrx_word' id='word_1_230' title='bbox 583 3809 658 3850; x_wconf 80' lang='lat' dir='ltr'><strong>xxa.</strong></span> <span class='ocrx_word' id='word_1_231' title='bbox 676 3793 709 3850; x_wconf 91' lang='lat' dir='ltr'><strong>et</strong></span> <span class='ocrx_word' id='word_1_232' title='bbox 726 3785 766 3870; x_wconf 92' lang='lat' dir='ltr'><strong>vj.</strong></span> <span class='ocrx_word' id='word_1_233' title='bbox 777 3785 805 3849; x_wconf 87' lang='lat' dir='ltr'><strong>d.</strong></span> <span class='ocrx_word' id='word_1_234' title='bbox 822 3806 975 3870; x_wconf 84' lang='lat' dir='ltr'><strong>procera.</strong></span> <span class='ocrx_word' id='word_1_235' title='bbox 1021 3793 1055 3848; x_wconf 90' lang='lat' dir='ltr'><strong>et</strong></span> <span class='ocrx_word' id='word_1_236' title='bbox 1071 3785 1171 3849; x_wconf 88' lang='lat' dir='ltr'><strong>habet</strong></span> <span class='ocrx_word' id='word_1_237' title='bbox 1190 3785 1277 3850; x_wconf 91' lang='lat' dir='ltr'><strong>diem</strong></span> 
     </span>
     <span class='ocr_line' id='line_1_31' title="bbox 117 3889 1278 3974; baseline -0.002 -16"><span class='ocrx_word' id='word_1_238' title='bbox 117 3893 288 3958; x_wconf 80' lang='lat' dir='ltr'><strong>solrreionis</strong></span> <span class='ocrx_word' id='word_1_239' title='bbox 320 3893 355 3956; x_wconf 92' lang='lat' dir='ltr'><strong>in</strong></span> <span class='ocrx_word' id='word_1_240' title='bbox 393 3893 474 3956; x_wconf 89' lang='lat' dir='ltr'><strong>festo</strong></span> <span class='ocrx_word' id='word_1_241' title='bbox 505 3891 609 3955; x_wconf 85' lang='lat' dir='ltr'><strong>sancti</strong></span> <span class='ocrx_word' id='word_1_242' title='bbox 639 3889 809 3954; x_wconf 85' lang='lat' dir='ltr'><strong>Michaelis</strong></span> <span class='ocrx_word' id='word_1_243' title='bbox 839 3889 1039 3974; x_wconf 84' lang='lat' dir='ltr'><strong>Archangeli</strong></span> <span class='ocrx_word' id='word_1_244' title='bbox 1069 3898 1103 3953; x_wconf 92' lang='lat' dir='ltr'><strong>et</strong></span> <span class='ocrx_word' id='word_1_245' title='bbox 1129 3889 1278 3974; x_wconf 88' lang='lat' dir='ltr'><strong>juratus:</strong></span> 
     </span>
     <span class='ocr_line' id='line_1_32' title="bbox 117 3992 928 4082; baseline -0.007 -20"><span class='ocrx_word' id='word_1_246' title='bbox 117 3999 212 4062; x_wconf 90' lang='lat' dir='ltr'><strong>soluit</strong></span> <span class='ocrx_word' id='word_1_247' title='bbox 236 3997 318 4082; x_wconf 72' lang='lat' dir='ltr'><strong>vjd.</strong></span> <span class='ocrx_word' id='word_1_248' title='bbox 341 4019 400 4082; x_wconf 90' lang='lat' dir='ltr'><strong>pro</strong></span> <span class='ocrx_word' id='word_1_249' title='bbox 422 4019 495 4060; x_wconf 84' lang='lat' dir='ltr'><strong>cera</strong></span> <span class='ocrx_word' id='word_1_250' title='bbox 518 3995 685 4059; x_wconf 89' lang='lat' dir='ltr'><strong>Willelmo</strong></span> <span class='ocrx_word' id='word_1_251' title='bbox 707 3992 928 4078; x_wconf 82' lang='lat' dir='ltr'><strong>†serviente.†</strong></span> 
     </span>
    </p>

    <p class='ocr_par' dir='ltr' id='par_1_17' title="bbox 116 4095 1278 4288">
     <span class='ocr_line' id='line_1_33' title="bbox 180 4095 1278 4168; baseline -0.003 -2"><span class='ocrx_word' id='word_1_252' title='bbox 180 4101 371 4168; x_wconf 89' lang='lat' dir='ltr'><strong>Christiana</strong></span> <span class='ocrx_word' id='word_1_253' title='bbox 385 4099 425 4162; x_wconf 92' lang='lat' dir='ltr'><strong>de</strong></span> <span class='ocrx_word' id='word_1_254' title='bbox 442 4097 652 4162; x_wconf 87' lang='lat' dir='ltr'><strong>Sohaldeford</strong></span> <span class='ocrx_word' id='word_1_255' title='bbox 668 4097 703 4160; x_wconf 91' lang='lat' dir='ltr'><strong>in</strong></span> <span class='ocrx_word' id='word_1_256' title='bbox 719 4097 819 4160; x_wconf 87' lang='lat' dir='ltr'><strong>Essex</strong></span> <span class='ocrx_word' id='word_1_257' title='bbox 836 4095 972 4160; x_wconf 90' lang='lat' dir='ltr'><strong>intravit</strong></span> <span class='ocrx_word' id='word_1_258' title='bbox 988 4096 1228 4162; x_wconf 87' lang='lat' dir='ltr'><strong>fraternitatem</strong></span> <span class='ocrx_word' id='word_1_259' title='bbox 1244 4107 1278 4162; x_wconf 90' lang='lat' dir='ltr'><strong>et</strong></span> 
     </span>
     <span class='ocr_line' id='line_1_34' title="bbox 116 4200 1276 4288; baseline -0.003 -18"><span class='ocrx_word' id='word_1_260' title='bbox 116 4206 206 4270; x_wconf 89' lang='lat' dir='ltr'><strong>dedit</strong></span> <span class='ocrx_word' id='word_1_261' title='bbox 222 4204 399 4270; x_wconf 88' lang='lat' dir='ltr'><strong>elemosine</strong></span> <span class='ocrx_word' id='word_1_262' title='bbox 419 4202 444 4288; x_wconf 91' lang='lat' dir='ltr'><strong>j.</strong></span> <span class='ocrx_word' id='word_1_263' title='bbox 462 4209 608 4267; x_wconf 79' lang='lat' dir='ltr'><strong>maro-et</strong></span> <span class='ocrx_word' id='word_1_264' title='bbox 623 4201 664 4286; x_wconf 88' lang='lat' dir='ltr'><strong>vj.</strong></span> <span class='ocrx_word' id='word_1_265' title='bbox 676 4201 706 4265; x_wconf 84' lang='lat' dir='ltr'><strong>d.</strong></span> <span class='ocrx_word' id='word_1_266' title='bbox 724 4223 781 4285; x_wconf 91' lang='lat' dir='ltr'><strong>pro</strong></span> <span class='ocrx_word' id='word_1_267' title='bbox 797 4221 878 4264; x_wconf 90' lang='lat' dir='ltr'><strong>cera.</strong></span> <span class='ocrx_word' id='word_1_268' title='bbox 924 4200 1023 4263; x_wconf 88' lang='lat' dir='ltr'><strong>soluit</strong></span> <span class='ocrx_word' id='word_1_269' title='bbox 1039 4200 1080 4265; x_wconf 86' lang='lat' dir='ltr'><strong>xl.</strong></span> <span class='ocrx_word' id='word_1_270' title='bbox 1091 4200 1120 4265; x_wconf 83' lang='lat' dir='ltr'><strong>d.</strong></span> <span class='ocrx_word' id='word_1_271' title='bbox 1138 4211 1172 4265; x_wconf 86' lang='lat' dir='ltr'><strong>et</strong></span> <span class='ocrx_word' id='word_1_272' title='bbox 1194 4202 1235 4287; x_wconf 90' lang='lat' dir='ltr'><strong>vj.</strong></span> <span class='ocrx_word' id='word_1_273' title='bbox 1246 4203 1276 4267; x_wconf 88' lang='lat' dir='ltr'><strong>d.</strong></span> 
     </span>
    </p>
   </div>
   <div class='ocr_carea' id='block_1_13' title="bbox 115 4303 1277 4396">
    <p class='ocr_par' dir='ltr' id='par_1_18' title="bbox 115 4303 1277 4396">
     <span class='ocr_line' id='line_1_35' title="bbox 115 4303 1277 4396; baseline -0.004 -21"><span class='ocrx_word' id='word_1_274' title='bbox 115 4333 171 4396; x_wconf 90' lang='lat' dir='ltr'><strong>pro</strong></span> <span class='ocrx_word' id='word_1_275' title='bbox 198 4331 272 4374; x_wconf 86' lang='lat' dir='ltr'><strong>cera</strong></span> <span class='ocrx_word' id='word_1_276' title='bbox 301 4307 464 4372; x_wconf 92' lang='lat' dir='ltr'><strong>Willelmo</strong></span> <span class='ocrx_word' id='word_1_277' title='bbox 491 4304 704 4389; x_wconf 83' lang='lat' dir='ltr'><strong>†serviente†</strong></span> <span class='ocrx_word' id='word_1_278' title='bbox 728 4316 762 4369; x_wconf 91' lang='lat' dir='ltr'><strong>et</strong></span> <span class='ocrx_word' id='word_1_279' title='bbox 788 4304 888 4368; x_wconf 89' lang='lat' dir='ltr'><strong>habet</strong></span> <span class='ocrx_word' id='word_1_280' title='bbox 912 4303 982 4368; x_wconf 92' lang='lat' dir='ltr'><strong>dies</strong></span> <span class='ocrx_word' id='word_1_281' title='bbox 1005 4305 1040 4368; x_wconf 91' lang='lat' dir='ltr'><strong>in</strong></span> <span class='ocrx_word' id='word_1_282' title='bbox 1066 4305 1148 4370; x_wconf 89' lang='lat' dir='ltr'><strong>festo</strong></span> <span class='ocrx_word' id='word_1_283' title='bbox 1173 4307 1277 4376; x_wconf 89' lang='lat' dir='ltr'><strong>saneti</strong></span> 
     </span>
    </p>
   </div>
   <div class='ocr_carea' id='block_1_14' title="bbox 573 4449 740 4500">
    <p class='ocr_par' dir='ltr' id='par_1_19' title="bbox 573 4449 740 4500">
     <span class='ocr_line' id='line_1_36' title="bbox 573 4449 740 4500; baseline 0 -2"><span class='ocrx_word' id='word_1_284' title='bbox 573 4451 582 4482; x_wconf 85' lang='lat'><strong>¹</strong></span> <span class='ocrx_word' id='word_1_285' title='bbox 601 4449 740 4500; x_wconf 83' lang='lat' dir='ltr'><strong>Thatoher.</strong></span> 
     </span>
    </p>
   </div>
   <div class='ocr_carea' id='block_1_15' title="bbox 0 0 1590 5104">
    <p class='ocr_par' dir='ltr' id='par_1_20' title="bbox 0 0 1590 5104">
     <span class='ocr_line' id='line_1_37' title="bbox 0 0 1590 5104; baseline 0 1"><span class='ocrx_word' id='word_1_286' title='bbox 0 0 1590 5104; x_wconf 95' lang='lat' dir='ltr'><strong> </strong></span> 
     </span>
    </p>
   </div>
  </div>
 </body>
</html>
