3170 5104
452 452 536 502 erun
558 453 602 500 os
624 451 694 500 run
717 449 973 500 runrvrcsrrou.
1232 431 1295 495 105

134 607 357 672 ordinaciones
382 605 570 686 innovandi,
600 604 786 672 declarandi
806 605 918 692 eisque
937 603 1079 670 addendi
1097 611 1132 668 et
1154 601 1296 666 diminu-
1309 611 1398 706 ἓξὲξ

132 712 208 777 endi
229 735 269 778 ac
289 736 328 778 ea
350 713 531 798 corrigendi
552 720 587 778 et
607 711 813 788 reformandi,
828 710 957 796 aliaque
978 709 1069 773 licita
1088 715 1123 772 et
1143 706 1297 772 canonica
1309 706 1456 802 83¹ng

131 815 171 879 de
198 839 283 881 novo
309 817 457 910 faciendi,
481 817 523 882 de
546 816 744 882 auctoritate
775 824 887 880 tamen
918 823 952 879 et
981 811 1120 878 sciencia
1145 809 1297 896 Episcopi
1309 801 1444 900 {imm

130 919 273 1014 Eliensis
297 943 355 1006 pro
382 929 528 1005 tempore
554 921 725 985 existentis
745 920 840 985 nobis
862 927 896 984 et
918 917 1156 984 successoribus
1179 914 1297 980 nostris
1309 895 1443 994 deltlllby

209 1023 217 1036 .
256 1023 264 1037 .
1309 992 1423 1041 authority
1431 991 1455 1032 ol

131 1025 319 1107 speclahter
339 1047 550 1090 reservamus
1310 1039 1439 1089 uesanos

197 1220 278 1285 Post
298 1243 437 1306 quorum
452 1220 586 1306 quidem
602 1229 802 1285 statutorum
818 1229 853 1285 et
868 1219 1113 1286 ordinacionum
1130 1225 1297 1303 presenta-
1310 1231 1454 1329 &iffi

132 1322 262 1389 cionem
298 1333 331 1389 et
367 1325 606 1390 exhibicionem
638 1334 673 1390 et
708 1325 929 1390 ostensionem
960 1323 1100 1409 predicti
1132 1322 1325 1408 Magister,b
1348 1327 1448 1416 flggmd

130 1427 349 1493 Aldermanni
367 1437 401 1493 et
420 1429 597 1493 confratres
620 1429 713 1493 nobis
733 1451 809 1493 cum
827 1427 989 1492 instancia
1009 1426 1237 1513 supplicarunt
1258 1435 1297 1491 ut
1311 1422 1433 1511 ffldssffi

131 1533 282 1617 predicta
296 1540 424 1598 statuta
439 1541 473 1597 et
489 1533 711 1599 ordinaciones
726 1533 885 1619 inspicere
902 1541 936 1597 et
951 1532 1137 1598 examinare
1153 1539 1187 1596 et
1202 1553 1299 1617 super
1311 1481 1463 1614 3033?ng

132 1637 257 1703 eisdem
275 1645 309 1702 et
325 1660 435 1702 eorum
452 1637 590 1723 singulis
605 1646 731 1702 motum
747 1637 849 1702 animi
865 1637 967 1702 nostri
979 1637 1107 1723 plenius
1118 1636 1299 1714 informare,

132 1749 166 1806 et
181 1742 211 1806 si
226 1751 303 1828 post
318 1741 510 1828 diligentem
526 1743 806 1808 examinacionem
822 1742 1010 1828 hujusmodi
1025 1741 1245 1806 inveniremus
1261 1763 1300 1806 ea

132 1847 199 1912 fore
227 1848 438 1913 racionabilis
461 1857 495 1912 et
516 1848 682 1934 legittima
704 1857 738 1913 et
760 1847 801 1913 ad
825 1848 979 1912 honorem
1009 1847 1072 1911 Dei
1103 1854 1137 1911 et
1159 1847 1299 1912 salutem

133 1952 319 2018 animarum
343 1961 378 2018 et
400 1953 523 2018 nullius
546 1953 752 2038 dispendium
775 1953 956 2026 tendencia,
980 1953 1050 2037 ipsa
1071 1951 1245 2037 publicare,
1265 1960 1300 2016 et

133 2077 192 2140 pro
208 2057 355 2141 ipsorum
371 2056 535 2134 firmitate,
552 2056 695 2121 efficacia
710 2045 744 2121 et
759 2057 867 2121 valore
883 2056 1055 2120 decernere
1071 2063 1106 2120 et
1126 2055 1298 2132 declarare,

134 2181 240 2246 eaque
263 2161 470 2238 auctorizare,
486 2160 674 2225 confirmare
693 2169 727 2226 et
747 2161 935 2246 approbare,
953 2169 1166 2244 nostrumque
1190 2160 1299 2225 decre-

134 2271 208 2329 tum
231 2273 266 2330 et
284 2266 515 2330 auctoritatem
537 2265 734 2330 ordinariam
745 2266 950 2352 judicialiter
965 2267 1170 2351 interponere
1185 2265 1298 2350 digna-

135 2391 266 2434 remur:
290 2371 361 2436 Nos
376 2371 477 2456 igitur
492 2371 637 2436 officialis
650 2371 788 2436 Eliensis
800 2381 835 2436 et
846 2371 1082 2436 commissarius
1094 2371 1299 2455 supradictus
1311 2379 1438 2422 ¹¹1⁸0ffi0¹⁵1

1310 2428 1356 2468 and
1364 2427 1427 2468 Com-

135 2475 347 2540 attendentes
370 2476 512 2560 ipsorum
537 2476 811 2562 supplicacionem
835 2478 901 2541 fore
920 2477 1044 2561 justam
1068 2484 1102 2540 et
1126 2498 1297 2540 consonam
1311 2476 1439 2564 {mbo

135 2579 260 2642 racioni
287 2587 412 2644 statuta
442 2587 476 2644 et
503 2579 724 2644 ordinationes
753 2580 902 2664 superius
932 2580 1069 2644 recitata
1098 2602 1172 2644 eum
1202 2579 1300 2665 plena
1312 2571 1439 2660 31,ζῇῨέ

136 2681 375 2748 deliberacione
406 2682 557 2760 vidimus,
587 2684 789 2768 inspeximus
820 2692 854 2748 et
884 2706 941 2769 per
968 2683 1052 2747 viros
1078 2683 1242 2768 sapientes
1266 2692 1300 2748 et

136 2787 316 2870 prudentes
340 2787 511 2871 utriusque
531 2787 617 2872 juris
643 2787 763 2872 peritos
793 2787 971 2852 examinari
1002 2795 1036 2852 et
1066 2811 1140 2852 cum
1171 2811 1300 2853 summa

137 2891 313 2977 diligencia
329 2900 364 2957 et
379 2891 571 2956 maturitate
587 2891 700 2957 debita
715 2892 850 2957 fecimus
869 2893 1035 2958 recenseri.
1081 2893 1125 2958 Et
1145 2894 1223 2980 quia
1243 2916 1300 2979 per
1312 2904 1447 2993 {ibligine

138 2996 417 3061 examinacionem
441 2995 630 3081 hujusmodi
653 2995 839 3060 invenimus
861 3004 988 3062 statuta
1018 3005 1051 3061 et
1078 2997 1299 3062 ordinaciones
1312 3000 1369 3050 ⁸⁰⁰d

138 3101 342 3186 supradictas
361 3102 459 3167 fuisse
481 3109 515 3165 et
533 3123 602 3165 esse
626 3101 835 3164 racionabilis
855 3110 889 3166 et
909 3101 1074 3188 legittima
1088 3103 1129 3166 ad
1146 3102 1299 3166 honorem

139 3218 172 3270 et
189 3206 318 3281 laudern
336 3205 400 3270 Dei
415 3205 518 3269 divini
534 3206 642 3270 cultus
658 3214 873 3292 augmentum
890 3215 923 3270 et
945 3206 1084 3271 salutem
1108 3206 1300 3283 animarum,

139 3333 205 3376 non
233 3333 272 3374 ex
301 3311 436 3375 levitate
463 3312 573 3396 aliqua
598 3319 650 3376 set
677 3333 715 3374 ex
749 3312 832 3374 bono
863 3323 897 3374 et
927 3311 1108 3376 deliberato
1136 3312 1300 3397 proposito

139 3416 263 3500 absque
275 3416 364 3480 omni
377 3415 527 3502 nequicia
538 3438 595 3480 seu
608 3427 792 3480 commento
804 3415 931 3480 malicie
944 3425 1107 3500 quatenus
1118 3416 1299 3480 humanum

135 3517 297 3604 judicium
321 3519 409 3583 nosci
431 3519 519 3596 sinit,
543 3529 593 3584 set
617 3519 740 3586 sincere
763 3521 947 3585 devocionis
969 3522 1089 3586 affectu
1116 3521 1150 3585 in
1178 3521 1301 3586 nullius

140 3623 240 3688 fnisse
261 3631 320 3688 aut
341 3641 410 3688 esse
431 3624 639 3708 dispendium
660 3623 854 3703 introducta,
869 3635 966 3710 prout
981 3647 1039 3710 per
1053 3625 1301 3690 informaciones

141 3728 234 3793 nobis
250 3729 452 3794 ministratas
467 3729 660 3814 accepimus,
678 3729 791 3794 habita
806 3751 904 3814 super
918 3730 1082 3815 premissis
1097 3753 1172 3795 cum
1188 3731 1301 3815 peritis
1313 3737 1460 3826 gffflglon

141 3833 236 3898 nobis
259 3832 477 3898 assidentibus
499 3831 736 3897 deliberacione
758 3833 894 3918 provida
912 3842 946 3898 et
965 3841 1102 3912 matura,
1119 3835 1241 3899 vocatis
1259 3834 1301 3898 ad

142 3939 202 4002 hoc
219 3935 382 4023 legittime
403 3944 438 4001 et
459 3937 494 4000 in
513 3959 632 4023 genere
653 3936 805 4001 omnibus
827 3960 965 4022 quorum
986 3937 1132 4015 interest,
1144 3939 1302 4023 premissa

143 4042 255 4107 debita
270 4064 364 4107 cause
381 4041 576 4126 cognicione,
588 4042 919 4127 concurrentibusque
931 4041 1082 4106 omnibus
1094 4064 1158 4127 que
1173 4042 1214 4108 de
1225 4043 1301 4129 jure

143 4146 362 4233 requiruntur,
383 4144 507 4212 Christi
528 4147 660 4211 nomine
681 4147 833 4232 primitus
853 4147 1010 4225 invocata
1025 4154 1153 4212 statuta
1167 4155 1202 4211 et
1217 4147 1301 4212 ordi-

143 4251 293 4315 naciones
314 4249 463 4334 superius
480 4251 618 4315 recitata
638 4274 676 4316 ac
698 4251 809 4314 omnia
830 4260 864 4316 et
886 4251 1016 4337 singula
1035 4251 1070 4314 in
1086 4251 1132 4316 eis
1148 4259 1302 4316 contenta

142 4365 300 4439 tanquam
324 4353 533 4420 racionabilis
555 4364 589 4420 et
612 4355 776 4441 legittima
798 4357 1010 4441 publicamus,
1034 4357 1129 4421 etad
1154 4355 1301 4420 omnium

143 4482 282 4547 quorum
313 4459 450 4525 interest
481 4483 538 4526 seu
568 4460 725 4526 interesse
755 4460 877 4546 poterit
914 4461 1079 4546 publicam
1110 4461 1301 4526 deducimus
