3170 5104
298 424 340 485 54
700 435 904 485 osnsmnea
926 435 1036 484 orans.

295 590 457 655 Johannis
486 590 630 676 baptiste
660 613 688 656 v.
698 613 721 656 a
749 601 782 656 et
812 592 848 656 in
878 592 961 655 festo
991 590 1097 654 saneti
1129 588 1299 654 Michaelis
1329 609 1391 652 Η.
1422 594 1459 650 et

290 694 425 780 jurata:
463 696 587 782 pleggii
622 696 791 786 †Thomas
827 697 1000 761 Waveneis
1036 698 1095 781 etl
1125 696 1237 780 Agnes
1267 715 1348 757 uxor
1377 692 1459 778 eJ'os.

295 799 419 864 Thome
444 800 615 864 Waveneis
637 800 692 865 sol.
716 808 832 866 totum.

361 905 501 969 Thomas
517 904 669 990 Harding
684 905 724 968 de
741 905 881 968 Harlton
898 912 932 969 et
948 903 1054 968 Alicia
1070 926 1151 968 uxor
1165 903 1237 988 ejus
1251 903 1459 967 intraverunt

296 1010 533 1074 fraternitatem
549 1018 584 1073 et
599 1007 741 1091 †dedit†
757 1009 931 1074 elemosine
947 1008 980 1094 ij.
997 1031 1092 1073 mare.
1110 1019 1144 1073 et
1159 1030 1274 1072 ceram.
1319 1005 1420 1071 soluit
1430 1005 1458 1090 j.

296 1136 392 1178 maro.
409 1122 443 1178 et
461 1137 486 1176 v.
497 1113 527 1178 d.
544 1135 601 1198 pro
617 1135 690 1177 cera
706 1112 782 1195 †W.
799 1112 995 1198 serviente'J

248 1209 252 1220 ⁵
362 1218 464 1283 Henr.
488 1215 623 1283 Charite
646 1224 680 1282 et
703 1217 855 1281 Matillda
877 1240 958 1281 uxor
980 1217 1052 1303 ejus
1075 1216 1281 1280 intraverunt
1308 1213 1460 1278 fraterni-

297 1331 400 1388 tatem
416 1332 451 1386 et
469 1321 631 1386 dederunt
646 1321 822 1386 elemosine
838 1345 880 1386 xx
890 1344 913 1386 s.
930 1331 963 1386 et
979 1321 1034 1408 xij.
1044 1322 1074 1387 d.
1090 1344 1147 1408 pro
1163 1344 1236 1386 cera
1252 1329 1286 1385 et
1301 1317 1461 1403 †soluet†

297 1427 331 1490 in
369 1427 452 1491 festo
489 1425 675 1491 nativitatis
705 1424 810 1488 sancti
845 1424 1013 1489 Johannis.
1059 1425 1113 1489 sol.
1144 1447 1250 1490 ceram
1281 1422 1376 1508 xijd.
1407 1421 1460 1486 W.

297 1529 516 1615 †serviente.†
560 1529 614 1593 sol.
632 1538 740 1593 totum
755 1529 879 1592 rectori.

362 1634 515 1698 Johanna
531 1655 611 1696 uxor
626 1632 768 1718 Roggeri
784 1631 856 1696 Olai
873 1631 913 1695 de
930 1631 1051 1696 Histon
1067 1631 1202 1696 intravit
1218 1631 1457 1696 fraternitatem

298 1744 333 1800 et
359 1735 452 1800 dedit
479 1733 654 1800 elemosine
676 1734 702 1819 j.
730 1755 825 1797 maro.
853 1743 888 1797 et
914 1733 996 1819 vjd
1023 1755 1081 1820 pro
1108 1757 1197 1798 cera:
1228 1733 1379 1819 pleggius
1406 1733 1460 1797 W.

299 1837 498 1923 Ohap[man]
520 1838 576 1902 sol.
596 1837 677 1923 vJ‘.d.
699 1859 756 1923 pro
778 1859 851 1900 cera
873 1837 923 1902 W.
944 1835 1163 1920 †serviente.†
1207 1839 1264 1902 sol.
1282 1836 1332 1902 W.
1350 1836 1459 1920 Chap-

298 1965 383 2007 man.

291 2073 294 2078 ·
363 2045 474 2130 Agnes
497 2045 628 2120 Person,
648 2044 812 2108 Robertus
836 2045 1000 2122 Attehull,
1021 2054 1055 2109 et
1078 2045 1206 2109 Amieia
1229 2067 1311 2108 uxor
1330 2043 1402 2128 ejus
1425 2052 1460 2107 et

298 2149 321 2213 J
323 2149 452 2213 ohanna
467 2148 588 2212 Person
603 2149 810 2212 intraverunt
827 2148 1066 2213 fraternitatem
1088 2157 1122 2214 et
1142 2148 1304 2213 dederunt
1324 2170 1375 2212 xx.
1386 2169 1409 2212 a
1426 2158 1461 2211 et

300 2254 393 2340 ‘'pro‘'
410 2277 483 2318 cera
498 2254 520 2339 iJ'
531 2276 554 2318 a.
600 2251 752 2335 †soluit†
768 2275 821 2317 xa.
838 2253 889 2318 W.
905 2252 1122 2336 †serviente.†

237 2361 239 2366 ’
365 2359 529 2423 Walterus
546 2357 666 2422 Michel
682 2357 722 2421 de
739 2356 967 2420 Bodekesham
988 2369 1022 2421 et
1045 2357 1143 2421 Rosia
1162 2379 1244 2422 uxor
1264 2357 1335 2442 ejus
1356 2357 1458 2422 intra-

299 2472 418 2528 verunt
442 2463 681 2526 fraternitatem
705 2470 739 2526 et
765 2459 909 2545 †dedit†
933 2462 1107 2526 elemosine
1131 2461 1164 2547 ij.
1191 2484 1284 2526 maro.
1306 2472 1341 2526 et
1362 2461 1416 2548 xij.
1427 2462 1458 2526 d.

298 2590 356 2654 pro
379 2591 452 2632 cera
475 2576 509 2631 et
536 2566 663 2650 [habet]
689 2565 758 2630 dies
782 2567 816 2629 in
840 2568 922 2630 festo
947 2566 1142 2630 Nativitatis
1165 2566 1291 2630 domini
1315 2568 1461 2652 proximo

298 2675 409 2738 futuro
432 2671 492 2756 †et
519 2672 579 2758 inls
604 2672 628 2757 j.
658 2694 751 2736 marc.
780 2680 815 2734 et
841 2671 874 2734 in
903 2670 1017 2734 eodem
1042 2671 1124 2734 festo
1147 2693 1232 2734 anno
1260 2671 1408 2736 revoluto
1434 2671 1459 2757 j.

300 2800 394 2842 marc.
418 2777 562 2842 Juratus.

365 2883 507 2947 Thomas
533 2882 683 2946 Banham
710 2881 791 2945 civis
813 2880 958 2945 London'
981 2889 1015 2944 et
1037 2881 1141 2945 Elena
1164 2904 1245 2946 uxor
1267 2882 1338 2968 ejus
1361 2883 1461 2946 intra-

301 2999 420 3053 verunt
442 2988 684 3052 fraternitatem
709 2995 744 3052 et
769 2986 932 3051 dederunt
955 2987 1130 3052 elemosine
1153 3012 1195 3051 xx
1204 3011 1228 3053 a.
1252 2999 1286 3052 et
1308 3011 1366 3073 pro
1389 3011 1463 3051 oera

301 3094 344 3180 xij
357 3094 387 3160 d.
403 3094 501 3158 soluit
517 3103 624 3158 totum
642 3093 808 3158 Willelmo
823 3090 1041 3178 †serviente.†

367 3300 464 3386 [Nov.
491 3302 542 3376 25,
569 3300 667 3384 1357]
715 3299 894 3364 Nioholaus
924 3298 1119 3366 Southmere
1149 3301 1286 3365 intravit
1312 3303 1462 3366 fraterni-

300 3411 405 3467 tatem
433 3403 486 3466 die
513 3403 633 3468 Sancte
660 3403 818 3467 Katerine
845 3403 979 3489 virginis
1005 3427 1091 3468 anno
1117 3403 1240 3468 domini
1266 3403 1336 3468 Μ11110
1366 3413 1462 3472 eccm.

301 3507 394 3592 lvij¹¹¹⁰
410 3514 443 3570 et
458 3506 550 3570 dedit
566 3507 741 3570 elemosine
756 3506 790 3590 ij.
806 3528 902 3570 marc.
945 3507 1000 3570 sol.
1016 3507 1038 3572 J
1040 3491 1162 3571 ohanni
1175 3507 1216 3572 de
1232 3508 1460 3575 Theversham.

367 3609 508 3673 Thomas
531 3619 635 3673 rector
657 3609 791 3673 ecclesie
814 3608 854 3672 de
878 3609 1117 3674 Theveresham
1142 3611 1263 3697 legavit
1286 3612 1360 3676 xla
1405 3614 1461 3678 sol.

300 3713 446 3801 predicto
469 3713 622 3777 Johanni.

365 3819 506 3883 Thomas
523 3817 628 3902 Spark
645 3817 685 3882 de
701 3817 897 3904 WJmpooul
915 3820 967 3884 ‘'et
982 3819 1005 3883 J
1007 3818 1137 3884 ohanna
1152 3841 1233 3883 uxor
1252 3820 1340 3906 ejus⁰
1361 3821 1462 3886 intra-

300 3931 419 3988 verunt
434 3922 674 3986 fraternitatem
691 3932 725 3986 et
740 3923 903 3987 dederunt
918 3922 939 4008 ij
958 3945 1054 3989 maro.
1099 3923 1153 3988 sol.
1170 3923 1245 3988 dim.
1264 3947 1357 3990 maro.

366 4026 528 4091 Dominus
550 4025 730 4090 Nioholaus
753 4026 794 4090 de
818 4027 910 4112 Tydd
937 4027 1041 4090 sancti
1066 4026 1388 4113 Egidii‘capellanus
1412 4030 1464 4092 in-

302 4133 403 4196 travit
433 4131 674 4195 fraternitatem
706 4139 740 4195 et
766 4131 859 4196 dedit
885 4131 1060 4196 elemosine
1086 4131 1100 4218 j
1130 4153 1226 4196 mare.
1253 4140 1286 4194 et
1316 4133 1460 4216 o[eram].

301 4237 401 4300 soluit
423 4235 573 4299 ‘'domino
597 4235 694 4299 Petro
719 4235 885 4320 Paw[...]0
908 4245 1054 4321 tempore
1079 4236 1243 4322 ingressus
1266 4235 1342 4300 dim.
1365 4257 1461 4301 maro.

301 4350 336 4406 et
352 4341 452 4406 hahet
466 4340 553 4404 diem
570 4339 611 4404 de
627 4340 755 4404 residuo
773 4341 829 4404 viz.
848 4341 946 4404 aliam
963 4340 1039 4405 dim.
1055 4363 1150 4404 maro.
1172 4340 1207 4402 in
1227 4341 1310 4403 festo
1331 4340 1461 4405 Nativi-

301 4445 382 4511 tatis
397 4445 539 4510 Domini.
