3194 5120
561 416 599 463 su
622 398 748 464 uuar's
770 415 862 464 unu.
1252 401 1291 463 21

128 565 219 618 Eleua
231 565 424 637 Scherwynd1.

128 651 240 705 Alanus
252 651 288 705 de
300 652 437 707 Grandes.

130 739 260 794 Herveus
274 741 353 794 Pilet.

129 827 215 881 Sarra
227 846 297 882 uxor
309 828 376 898 ejus.

129 914 289 970 Willelmus
303 916 451 972 Outelawe.

129 1002 218 1074 Elyas
229 1003 257 1058 le
269 1005 384 1076 Drapen

128 1091 223 1146 Alieia
234 1091 270 1146 de
282 1092 409 1164 Hynten.

128 1177 148 1230 J
150 1177 194 1232 oh.
205 1179 348 1248 quondam
359 1181 461 1236 Rector
469 1181 583 1236 ecclesie
590 1186 688 1236 sancte

202 1268 299 1322 Marie.

129 1355 201 1409 Tho.
215 1356 251 1410 de
263 1357 431 1412 Branktre*.

130 1441 201 1497 Rob.
215 1443 241 1498 le
255 1444 417 1500 Mareschal.

130 1531 217 1601 Hugo
229 1531 364 1586 Outlawe

128 1619 149 1674 J
150 1620 194 1674 oh.
208 1619 244 1674 de
256 1621 318 1675 Leo.

129 1708 226 1778 Agnes
239 1726 309 1762 uxor
320 1707 388 1778 ejus

130 1797 198 1866 Rog.
210 1795 246 1850 de
255 1796 368 1851 Walton
381 1796 501 1851 vicarius
513 1795 548 1852 de
558 1797 686 1852 Mehuth.

128 1883 242 1937 Alanus
254 1882 289 1937 de
301 1883 411 1942 Welles.

129 1973 148 2026 J
151 1971 264 2025 ohanna
276 1989 345 2026 uxor
356 1971 425 2042 ejus.

129 2061 149 2115 J
151 2061 196 2115 oh.
211 2061 361 2132 Goldryng.

128 2149 148 2203 J
150 2149 264 2203 ohanna
276 2167 345 2204 uxor
356 2149 424 2220 ejus.

128 2239 147 2292 J
150 2238 194 2292 oh.
210 2239 351 2310 Goggyng.

738 565 838 620 Frater
850 566 974 636 Rogerus
986 565 1021 621 de
1034 565 1094 637 Ely.

737 654 791 708 Pro
802 654 898 708 anima
910 653 1040 710 Willelmi
1053 653 1088 709 de
1100 654 1243 710 Barueton

736 745 766 794 et
778 740 897 811 Agnetis
910 742 1004 796 uxoris
1015 740 1084 813 ejus

737 828 846 899 Argunt
857 827 1030 885 Wolleward.

737 916 830 971 Adam
843 917 935 988 Elyot

737 1004 812 1060 Will.
825 1005 852 1060 le
864 1005 967 1076 Spiuer.

737 1092 826 1148 Elena
837 1110 906 1148 uror
917 1092 986 1164 ejus

738 1181 858 1236 Matilda
869 1181 905 1236 de
917 1181 1020 1237 Welde

738 1268 822 1338 Hugo
835 1268 1005 1340 Gedechepe.

739 1356 796 1410 Ric.
811 1357 948 1410 Batemau
957 1357 1060 1427 junior.

739 1443 853 1497 Beatrix
864 1461 935 1498 uxor
946 1443 1014 1514 ejus

739 1532 850 1587 Giliana
861 1531 896 1586 de
909 1531 1073 1603 Teudringa

739 1618 807 1674 Rob.
822 1620 982 1675 Schermau.

739 1707 874 1777 Magister
886 1707 1024 1763 Ricardus
1035 1708 1071 1764 de
1083 1709 1249 1780 Conington

739 1795 859 1850 Isabella
872 1797 1028 1868 Skipaway.

739 1883 807 1939 Reb.
822 1885 945 1939 Gemun.

686 2037 693 2052 ,
738 1972 802 2027 Jon
817 1973 935 2027 Preutia

739 2062 908 2117 Benedictus
921 2061 1056 2119 Godsone.

739 2151 756 2205 J
758 2151 871 2205 ohanna
882 2150 996 2205 Bakare.

740 2239 860 2294 Isabella
871 2239 907 2295 de
919 2239 1094 2312 Arnyngton

528 2523 661 2594 ²Egidius
672 2523 731 2597 [d]e
744 2525 904 2597 Hingiston.

184 2677 236 2731 pro
261 2657 410 2713 animabus
435 2658 550 2727 Thome,
575 2659 709 2715 Edmund
733 2666 762 2716 et
790 2663 946 2735 Margarete
975 2665 1069 2720 uxoris
1098 2665 1158 2737 ejus
1186 2672 1215 2721 et
1243 2685 1294 2738 pro

129 2747 282 2803 animabus
301 2748 458 2818 Margarete
475 2747 532 2802 filie
550 2766 663 2814 eorum3
688 2767 738 2820 pro
756 2752 851 2806 anima
869 2751 1008 2807 Jehannis
1024 2753 1060 2808 de
1078 2753 1269 2810 Bradenheeh.

130 2889 185 2942 Pro
197 2885 347 2941 animabus
361 2885 502 2956 Reddlphi
516 2887 653 2956 Margarie

130 2980 161 3030 et
173 2975 294 3030 Matilde
305 2975 340 3029 de
353 2975 487 3030 Strixton.

132 3065 187 3118 Pro
214 3064 312 3118 anima
340 3063 480 3118 Johaunis
507 3063 543 3118 de
567 3062 689 3118 Herford

201 3151 325 3222 pistoris.

132 3241 187 3295 Pro
198 3239 348 3294 animabus
361 3240 494 3295 Willelmi

131 3333 162 3385 et
183 3329 321 3400 Margerie
340 3330 430 3400 patris
451 3334 480 3383 et
500 3329 600 3384 matris
621 3329 689 3384 Joh-

203 3417 287 3471 annis
298 3417 333 3471 de
346 3416 454 3471 Baldok

132 3511 162 3560 et
174 3505 314 3560 Hamonis
326 3504 362 3559 de
374 3506 478 3560 Serich.

131 3611 183 3664 pro
195 3593 344 3649 animabus
356 3593 473 3649 Walteri
485 3593 520 3648 de
533 3592 657 3648 Houton.

132 3681 269 3752 Margerie
281 3681 375 3736 uxoris
387 3681 448 3753 ejus

131 3773 162 3824 et
175 3770 293 3825 Isabelle
305 3769 341 3825 de
353 3769 436 3826 Rede.

133 3859 252 3914 Matilde
264 3859 300 3914 de
312 3859 396 3913 Reda.

132 3964 184 4019 pro
196 3946 346 4001 animabus
357 3946 475 4001 Walteri
487 3945 522 4000 de
535 3945 636 4000 Lenue.

132 4034 224 4089 Alicie
236 4033 330 4088 uxoris
342 4033 410 4103 ejus.
476 4059 480 4068 ·

132 4122 267 4178 Willelmi
279 4122 314 4177 de
328 4120 442 4176 Leune*

132 4217 161 4266 et
174 4213 294 4282 Agnetis
306 4211 400 4265 uxoris
412 4211 480 4282 ejus.

741 2889 855 2944 Mabilie
867 2890 902 2946 de
915 2891 1009 2946 Lenne

740 2982 769 3031 et
782 2977 939 3048 Margarete
950 2978 985 3033 de
999 2978 1100 3034 Lenne.

741 3063 798 3118 Ric.
812 3063 847 3119 de
860 3065 1007 3120 Thaested.

739 3151 757 3205 J
759 3153 804 3208 oh.
817 3153 852 3208 de
864 3154 1004 3208 Thacsted

739 3245 769 3294 et
781 3241 868 3312 Marg.
882 3259 952 3296 uxor
963 3241 1031 3312 ejus.

741 3327 794 3381 Pro
806 3328 902 3383 anima
913 3329 931 3382 J
933 3328 1052 3383 ohannis
1065 3329 1195 3384 Frenseh.

740 3415 898 3470 Willelmus
910 3415 944 3470 de
957 3416 1106 3488 Wiltseyre

643 3517 644 3520 ’
740 3508 770 3558 et
781 3503 873 3558 Alicia
885 3521 954 3558 uxor
966 3503 1033 3574 ejus

740 3592 758 3646 J
760 3591 803 3646 oh.
817 3590 852 3646 de
864 3591 1040 3662 Torkesheye

739 3685 769 3734 et
780 3679 798 3734 J
800 3679 844 3734 oh.
858 3679 932 3733 filius
943 3677 1012 3750 ejus.

740 3766 833 3820 Alieia
845 3766 880 3820 de
893 3765 1065 3837 Litlyugton.

742 3855 842 3910 Petrus
853 3854 880 3910 le
892 3855 1049 3926 Sekisteyn.

740 3941 758 3995 J
760 3942 872 3996 ohanna
883 3959 953 3996 uxor
964 3940 1032 4012 ejus.

741 4029 842 4084 Emma
853 4029 889 4084 de
901 4031 1045 4084 Souttene.

741 4118 881 4173 Robertus
893 4118 928 4173 de
941 4117 1068 4172 Hoxford
1080 4116 1207 4188 scriptor.

741 4209 955 4264 Bartholomeus
968 4208 1066 4279 Peryu.

180 4361 189 4391 ¹
207 4361 263 4409 Her
274 4374 353 4408 name
365 4373 474 4421 appears
486 4357 514 4406 in
526 4373 541 4406 a
554 4357 617 4407 deed
629 4356 706 4406 dated
719 4358 790 4406 1301.
825 4357 890 4406 Add.
903 4356 980 4408 MSS.
993 4356 1066 4414 5213,
1080 4356 1098 4404 f.
1113 4357 1158 4431 197
1173 4355 1216 4419 (3).

183 4441 194 4474 ²
212 4442 277 4492 This
290 4442 336 4490 list
348 4442 376 4490 of
386 4455 476 4490 names
488 4440 511 4490 is
523 4439 606 4490 added
619 4439 646 4488 in
659 4443 686 4488 at
698 4439 742 4490 the
757 4439 813 4489 side
825 4440 853 4489 of
863 4439 908 4488 the
920 4438 1000 4489 above
1012 4438 1040 4486 iu
1052 4439 1157 4487 various
1168 4435 1260 4485 hands.
