3152 5104
461 427 545 475 erno
567 427 611 475 or
633 427 703 474 res
725 427 820 475 sonr
841 427 991 474 rn1u1rr.
1243 412 1303 474 121

143 591 179 648 et
194 583 416 663 declaracioni,
426 584 686 663 auctorizacioni,
695 583 946 660 confirmacioni,
955 592 989 650 et
1004 583 1241 670 approbacioni,
1250 584 1305 650 ad·

138 687 349 773 judicacioni,
358 689 564 755 auctoritatis
574 697 608 754 et
619 689 744 754 decreti
756 688 1008 774 interposicioni,
1018 709 1056 753 ac
1066 688 1307 774 protestacioni,

144 815 270 856 necnon
286 791 437 858 omnibus
449 792 522 857 aliis
533 801 568 858 et
580 793 716 878 singulis
727 815 786 879 per
797 792 922 857 dictum
935 791 1113 856 Dominum
1127 791 1307 858 Officialem

144 896 312 962 Eliensem
333 906 368 962 et
388 895 658 963 Commissarium
678 897 826 982 superius
846 896 993 960 recitatis
1013 896 1092 960 dum
1113 896 1157 960 sic
1178 904 1216 962 ut
1235 918 1308 981 pre-

143 1001 293 1066 mittitur
307 1023 365 1086 per
381 1001 522 1066 eundem
538 1010 572 1066 et
587 1023 695 1066 coram
710 1022 748 1065 eo
759 999 944 1086 agebantur
955 1009 990 1066 et
1002 999 1126 1064 fiebant
1137 1000 1199 1064 sub
1214 1022 1308 1077 anno,

143 1104 339 1184 Indictione,
358 1105 565 1183 Pontificatu,
585 1128 696 1171 mense
716 1105 803 1169 Maio
824 1105 877 1168 die
899 1104 1050 1170 vicesimo
1071 1105 1175 1190 primo
1196 1127 1308 1191 supra·

143 1209 233 1274 dicto
250 1217 285 1273 et
300 1209 369 1274 loco
384 1209 533 1296 superius
548 1209 737 1295 designatis,
750 1231 816 1274 uua
831 1230 905 1273 cum
921 1209 1154 1295 prenominatis
1167 1209 1307 1276 testibus

141 1312 359 1398 personaliter
381 1335 513 1399 presens
536 1313 681 1391 interfui,
703 1335 806 1398 eaque
829 1313 875 1378 sic
898 1313 968 1378 fieri
991 1313 1059 1378 vidi
1082 1323 1116 1380 et
1137 1315 1249 1380 audivi
1272 1323 1306 1380 et

141 1417 217 1482 aliis
238 1427 414 1502 occupatus
436 1417 588 1504 negociis,
604 1416 639 1481 in
659 1416 723 1482 hiis
744 1417 870 1482 duabus
891 1418 1013 1483 cedulis
1034 1419 1130 1484 simul
1149 1419 1232 1484 sutis
1247 1442 1306 1506 per

140 1521 247 1585 aliurn
270 1521 367 1586 scribi
390 1521 460 1599 leci,
485 1529 519 1586 et
541 1521 583 1586 de
607 1521 761 1586 mandato
789 1529 823 1586 et
849 1522 1044 1586 auctoritate
1067 1523 1146 1586 dicti
1173 1522 1307 1587 Domini

141 1625 301 1690 Officialis
324 1625 464 1690 Eliensis
492 1633 527 1690 et
553 1647 593 1690 ex
618 1634 713 1711 parte
743 1625 905 1690 dictorum
932 1626 1145 1690 Aldermanni
1173 1635 1207 1692 et
1233 1649 1307 1692 con-

139 1731 282 1794 fratrum
304 1729 339 1794 in
362 1729 444 1794 hanc
467 1729 633 1815 publicam
656 1730 792 1794 formam
807 1729 936 1816 redegi,
952 1729 1098 1816 meisque
1121 1730 1252 1796 nomine
1275 1739 1309 1795 et

139 1834 235 1920 signo
258 1834 363 1899 solitis
385 1842 420 1900 et
442 1834 606 1900 consuetis
629 1857 694 1899 una
720 1857 794 1899 cum
825 1835 1030 1921 apposicione
1059 1835 1160 1922 sigilli
1187 1835 1307 1920 prefati

140 1939 279 2004 Domini
303 1937 459 2004 Officialis
483 1938 623 2003 Eliensis
647 1938 775 2024 signavi
800 1946 869 2002 tam
901 1937 955 2002 hic
984 1961 1083 2024 quam
1116 1961 1135 2003 a
1156 1947 1247 2024 tergo
1272 1940 1307 2003 in

139 2053 258 2108 sutura
280 2041 441 2106 dictarum
464 2041 663 2120 cedularum,
679 2050 811 2128 rogatus
835 2050 869 2106 et
892 2043 1070 2128 requisitus
1093 2043 1128 2106 in
1151 2043 1250 2108 fidem
1273 2053 1308 2109 et

139 2147 371 2213 testimonium
394 2147 539 2212 omnium
564 2147 804 2232 premissorum.

304 2325 456 2412 Sequitur
479 2327 682 2412 confirmacio
705 2335 735 2392 et
756 2325 962 2413 indulgencia
984 2327 1144 2412 Episcopi.
1321 2324 1420 2374 Bishor’s
1517 2357 1525 2370 .

1320 2374 1419 2413 confirm·

1320 2421 1382 2461 ation
1391 2420 1436 2460 and

210 2455 254 2520 Et
284 2478 342 2520 nos
373 2456 514 2521 Thomas
552 2455 764 2542 permissione
802 2456 913 2520 divina
951 2457 1128 2543 Episcopus
1167 2456 1307 2521 Eliensis
1321 2468 1452 2516 indulgence

140 2567 271 2624 statuta
296 2569 331 2624 et
357 2559 579 2625 ordinaciones
609 2559 759 2645 superius
789 2561 928 2626 recitata
958 2561 1203 2638 auctorizamus,
1234 2584 1307 2626 con-

141 2666 313 2730 firmamus
339 2673 373 2730 et
399 2664 619 2752 approbamus
643 2672 678 2728 et
702 2665 743 2728 ad
769 2665 912 2750 ipsorum
938 2666 1181 2730 observanciam
1204 2666 1307 2731 dictos

141 2771 260 2834 fratres
275 2768 501 2854 adjudicamus
517 2776 550 2832 et
562 2768 847 2853 condempnamus,
859 2781 1067 2855 nostramque
1079 2770 1307 2835 auctoritatem

141 2873 340 2938 ordinariam
363 2873 398 2937 in
429 2874 490 2938 hac
519 2881 613 2960 parte
643 2873 881 2959 interponimus
912 2883 946 2940 et
973 2875 1148 2940 decretum.
1196 2875 1240 2940 Et
1270 2883 1307 2940 ut

141 2986 272 3043 mentes
292 2977 439 3044 fidelium
463 2979 504 3042 ad
526 2977 655 3042 laudem
680 2978 753 3055 Dei,
769 2987 803 3043 et
824 2979 925 3064 ipsius
947 2979 1042 3045 Gilda
1058 2979 1306 3056 incrementum,

141 3083 349 3168 frequencius
372 3083 553 3148 excitemus
577 3082 618 3147 de
641 3082 705 3147 Dei
728 3083 962 3169 omnipotentis
983 3084 1208 3162 misericordia,
1231 3085 1305 3149 bea·

142 3186 269 3252 tissime
293 3187 439 3272 Virginis
471 3185 574 3250 Marie
602 3186 717 3250 matris
739 3210 807 3265 sue,
839 3197 939 3275 atque
963 3189 1082 3254 Sancte
1107 3188 1306 3253 Etheldrede

142 3290 298 3377 Virginis,
328 3299 466 3376 patrone
497 3299 616 3367 nostre,
646 3289 859 3376 omniumque
890 3292 1085 3357 Sanctorum
1117 3291 1242 3356 meritis
1273 3301 1306 3356 et
1320 3310 1450 3397 rospuys

142 3393 295 3480 precibus
329 3395 537 3472 confidentes,
568 3395 720 3459 omnibus
754 3396 959 3481 parochianis
997 3398 1116 3462 nostris
1152 3405 1187 3461 et
1225 3395 1298 3461 aliis
1319 3359 1453 3456 {hillidii

1299 3449 1306 3474 1

143 3521 282 3585 quorum
304 3499 467 3563 diocesani
485 3499 570 3563 hanc
590 3500 994 3586 nostram‘indulgenciam
1011 3511 1114 3567 ratam
1131 3501 1307 3566 habuerint
1319 3455 1441 3590 {ffiffit

144 3613 177 3668 et
196 3612 373 3688 acceptam,
390 3603 431 3668 de
446 3603 589 3688 peccatis
605 3603 672 3668 suis
689 3626 764 3668 vere
779 3605 1006 3690 penitentibus
1023 3616 1056 3671 et
1072 3605 1234 3683 confessis,
1249 3605 1307 3690 qui
1320 3597 1413 3646 lhessfld

143 3707 185 3772 ad
209 3706 489 3772 sustentacionem
514 3707 600 3772 dicte
629 3707 725 3773 Gilde
750 3731 865 3772 manus
893 3710 1095 3795 porrexerint
1123 3708 1307 3795 adjutrices,

143 3811 268 3876 tociens
283 3811 438 3897 quociens
453 3811 674 3897 quadraginta
689 3812 759 3877 dies
774 3813 982 3900 indulgencie
1005 3814 1257 3880 misericorditer
1271 3813 1306 3876 in

143 3915 286 3979 Domino
312 3915 518 3980 concedimus
542 3939 601 4003 per
624 3926 799 4002 presentes.
854 3919 895 3982 In
926 3941 1064 4005 quorum
1095 3918 1242 3983 omnium
1273 3925 1307 3980 et
1320 3937 1458 4026 llllt⁰⁸⁸³¹¹⁸

143 4019 347 4106 singulorum
368 4042 427 4106 per
451 4042 508 4085 nos
533 4021 720 4086 habitorum
748 4022 974 4088 testimonium
998 4031 1032 4088 et
1054 4023 1185 4108 plenam
1208 4021 1306 4085 fidem

143 4133 310 4210 presentes
321 4125 450 4189 litteras
462 4124 569 4209 sigillo
582 4133 701 4204 nostro,
713 4147 750 4190 ac
762 4125 855 4212 signo
865 4135 899 4192 et
908 4125 1147 4212 subscripcione
1158 4124 1306 4210 Magistri

143 4229 269 4292 Thome
292 4227 332 4292 de
356 4226 470 4292 Oastro
495 4227 663 4306 Bernardi,
679 4229 810 4294 Notarii
832 4229 963 4316 publici,
980 4229 1172 4314 Registrarii
1196 4229 1306 4304 nostri,

142 4333 371 4398 mandavimus
387 4341 421 4398 et
435 4333 571 4398 fecimus
587 4333 780 4419 consignari.
827 4335 917 4399 Data
939 4343 973 4399 et
992 4342 1066 4398 acta
1081 4343 1158 4398 sunt
1174 4334 1233 4398 hec
1249 4356 1306 4418 per
1320 4351 1377 4393 uate

144 4461 202 4503 nos
227 4437 342 4502 habita
366 4445 401 4502 et
425 4445 519 4524 gesta
545 4437 579 4502 in
605 4437 740 4523 (lapella
767 4439 862 4504 beate
888 4439 991 4504 Marie
1014 4440 1099 4502 infra
1121 4439 1305 4502 Manerium
