3170 5104
288 399 330 464 '78
702 413 905 462 caueamus
928 413 1039 461 orons.

288 571 373 636 bono
394 571 429 635 in
449 570 567 635 melius
587 576 811 656 provocentur,
833 576 871 634 ut
893 566 988 631 bonis
1011 565 1169 650 exemplis
1191 563 1356 629 informati
1379 585 1458 627 cum

287 675 330 739 ab
345 675 406 740 hac
421 675 493 740 luce
517 673 677 739 subtracti
700 672 823 737 fuerint
838 671 985 755 v[i]tam¹
1001 678 1148 735 eternam
1171 668 1324 754 consequi
1349 689 1460 730 mere·

288 787 402 842 antur:
427 786 465 842 ut
485 799 561 864 ergo
581 775 669 840 inter
690 797 747 838 nos
768 784 802 840 et
820 795 1016 838 successores
1035 779 1161 835 nostros
1177 771 1281 856 magis
1297 793 1334 834 ac
1350 768 1460 853 magis

288 881 407 946 caritas
423 881 601 957 habundet,
616 879 776 944 discordia
789 878 902 964 procul
918 878 1061 963 pellatur
1077 886 1111 940 et
1126 875 1257 939 divinus
1272 875 1381 938 cultus
1398 895 1460 958 per

288 1007 346 1049 nos
364 992 403 1048 ut
424 983 576 1048 convenit
599 990 841 1068 augmentetur,
863 981 957 1045 etad
980 981 1050 1045 loca
1070 987 1182 1044 sancta
1203 1001 1240 1042 ac
1257 977 1460 1042 venerabilia

124 1098 230 1139 ΜΗΘ
288 1111 346 1174 pro
362 1088 467 1153 salute
484 1088 668 1151 animarum
683 1087 842 1151 beneficia
857 1085 1065 1151 devotissime
1081 1085 1304 1148 conferantur:
1326 1080 1460 1146 noverit

124 1145 224 1186 founded
237 1145 275 1186 the

140 1193 243 1282 οξξξω,
289 1193 485 1258 universitas
515 1203 623 1256 vestra
652 1215 710 1256 nos
740 1192 888 1256 unanimi
919 1213 1076 1255 consensu
1107 1189 1229 1274 pariter
1260 1195 1294 1252 et
1321 1208 1459 1250 assensu

125 1288 262 1377 {fldffiffifil
289 1299 450 1372 fundasse,
473 1297 585 1371 fem'sse
608 1306 642 1361 et
665 1297 827 1360 ordinasse
851 1318 949 1359 unam
972 1293 1094 1380 gildam
1123 1315 1180 1357 seu
1213 1292 1460 1356 fraternitatem

289 1402 329 1466 ad
348 1401 478 1466 laudem
502 1400 554 1464 dei
577 1409 611 1464 et
632 1399 667 1463 in
688 1400 809 1463 honore
826 1399 971 1484 ejusdem
988 1397 1127 1484 gloriose
1144 1396 1281 1483 virginis
1296 1396 1459 1460 advocate

126 1527 257 1617 {ffiffll
289 1516 407 1582 nostre,
423 1507 516 1592 cujus
537 1527 652 1590 corpus
672 1527 731 1590 per
745 1504 876 1588 angelos
892 1504 931 1566 ad
948 1511 1094 1566 montem
1112 1503 1213 1586 Sinay
1229 1492 1458 1598 sepeliendum

285 1611 380 1696 jussu
405 1611 457 1675 dei
479 1611 703 1675 deferebatur:
728 1609 767 1672 In
789 1609 882 1694 cujus
900 1607 1033 1692 quidem
1050 1607 1184 1694 virginis
1203 1607 1332 1682 honore,
1351 1606 1459 1670 domi-

290 1739 351 1780 nus
371 1723 481 1779 noster
502 1715 623 1779 Jhesus
644 1713 800 1776 miracula
821 1712 951 1776 infinita
971 1712 1097 1796 operari
1118 1711 1273 1795 dignatus
1294 1719 1351 1788 est,
1367 1711 1459 1774 inter

291 1842 353 1905 que
370 1819 482 1883 eadem
500 1815 700 1880 nobilissima
712 1816 802 1900 virgo
818 1815 1056 1902 quinquaginta
1072 1815 1216 1879 rethores
1228 1815 1286 1900 qui
1298 1823 1460 1879 venerant

286 1923 380 2008 jussu
418 1923 502 2006 regis
539 1921 580 1984 ad
610 1920 841 1985 destruendam
873 1920 971 1984 fidem
1003 1918 1224 1985 Christianam
1254 1917 1457 2004 disputando

290 2027 459 2090 vincebat:
483 2025 549 2106 Qui
567 2024 700 2109 quidem
723 2025 877 2098 rethores,
894 2023 995 2086 oculis
1018 2045 1128 2086 eorum
1153 2022 1354 2108 apertisqui
1375 2031 1458 2085 ante

291 2153 349 2216 per
369 2129 534 2194 diabolum
557 2129 701 2193 obsecuti
722 2130 865 2206 fuerunt,
880 2139 913 2192 et
929 2151 987 2213 per
1002 2129 1140 2192 eandem
1156 2129 1315 2214 virginem
1331 2127 1457 2191 illumi-

292 2235 362 2298 nati
377 2233 567 2311 extiterunt,
580 2233 621 2297 ad
635 2233 731 2297 fidem
745 2233 964 2298 Christianam
981 2233 1126 2297 conversi
1143 2243 1239 2312 sunt;
1261 2255 1325 2317 quo
1340 2231 1458 2296 audito

291 2339 362 2402 Rex
374 2337 474 2422 jussit
490 2360 602 2400 omnes
617 2337 773 2414 comburi,
789 2337 845 2422 qui
865 2359 985 2412 omnes,
1001 2335 1126 2403 Christi
1145 2339 1275 2402 nornine
1297 2339 1457 2408 invocato,

292 2443 333 2506 ob
345 2443 416 2526 ejus
428 2464 570 2504 amorem
582 2441 724 2526 palmam
742 2440 879 2503 martirii
896 2441 1068 2505 subierunt
1084 2441 1234 2504 incendio
1250 2441 1344 2525 ignis,
1356 2439 1456 2504 vesti-

293 2545 412 2609 mentis
435 2553 469 2609 et
492 2545 617 2630 capillis
640 2545 707 2608 suis
730 2544 976 2608 remanentibus
995 2543 1132 2630 integris
1156 2554 1190 2608 et
1212 2544 1312 2607 illesis
1331 2545 1457 2630 absque

294 2651 360 2714 ulla
380 2651 501 2714 lesione
520 2649 614 2734 ignis.
659 2649 730 2713 Ista
749 2649 907 2712 miracula
927 2657 962 2712 et
977 2648 1042 2712 alia
1058 2671 1155 2733 quam
1173 2648 1323 2732 plurima,
1338 2671 1403 2734 que
1420 2649 1456 2712 in

293 2755 353 2818 hoc
383 2755 464 2818 libro
495 2762 629 2839 propter
658 2753 881 2838 prolixitatem
913 2752 1089 2816 eorundem
1119 2753 1238 2816 referre
1261 2753 1457 2829 omittimus,

293 2860 369 2924 fecit
382 2858 587 2944 omnipotens
600 2858 680 2922 deus
692 2881 749 2943 pro
762 2880 870 2922 amore
882 2857 970 2921 dicte
985 2849 1122 2942 gloriose
1139 2858 1280 2942 virginis.
1318 2859 1368 2924 Ut
1383 2859 1456 2944 ipsa

292 2986 367 3050 ergo
387 2963 526 3048 gloriosa
542 2962 632 3048 virgo
651 2984 708 3046 pro
730 2961 822 3025 nobis
844 2962 1024 3026 intercedat
1045 2963 1085 3025 ad
1106 2985 1272 3026 summum
1288 2962 1395 3040 deum,
1412 2963 1455 3027 ad

292 3075 484 3153 perpetuam
506 3059 553 3129 rei
573 3073 664 3150 geste
686 3064 875 3128 memoriam
898 3063 1119 3130 ordinavimus
1140 3073 1174 3130 et
1192 3065 1329 3130 fecimus
1350 3089 1455 3130 unum

127 3187 249 3276 afflig
292 3171 531 3246 candelabrum,
556 3170 674 3232 ardens
697 3191 771 3232 cum
795 3167 900 3232 tribus
923 3169 1023 3233 cereis
1046 3191 1152 3233 coram
1176 3169 1319 3259 imagine
1342 3181 1455 3236 sancte

128 3283 266 3372 {gggrlsssshss
293 3276 451 3341 Katerine
474 3274 626 3338 omnibus
649 3273 764 3337 diebus
787 3273 999 3348 festivalibus,
1022 3283 1056 3339 et
1078 3297 1190 3339 omnes
1213 3275 1329 3340 fratres
1356 3284 1455 3340 emnt

128 3379 252 3466 W⁰¹⁰g¹ss²
293 3381 415 3445 ibidem
432 3379 474 3442 ad
490 3378 612 3462 primas
624 3386 658 3442 et
670 3379 828 3441 secundas
839 3400 999 3462 vesperas,
1011 3379 1052 3442 ad
1066 3379 1246 3444 matutinas
1262 3387 1296 3444 et
1312 3380 1454 3456 missam,

128 3475 224 3562 {ffigfi‘
249 3503 255 3522 ’
293 3485 356 3548 nisi
375 3483 579 3548 racionabilis
599 3505 789 3546 causacum
812 3491 954 3562 excusat,
970 3484 1030 3547 sub
1050 3506 1137 3570 pena
1157 3484 1255 3548 unius
1274 3484 1357 3548 libre
1372 3507 1455 3562 cere,

128 3569 238 3658 h‘lllt
293 3589 335 3654 ad
354 3587 630 3654 sustentaoionem
649 3587 783 3650 luminis
803 3587 950 3672 predicti,
967 3596 1001 3652 et
1021 3587 1163 3673 quilibet
1179 3589 1278 3652 frater
1293 3589 1397 3652 solvet
1411 3591 1454 3653 ad
1506 3581 1509 3586 ¹

129 3665 240 3800 {offitii
293 3692 568 3759 sustentaoionem
595 3691 729 3755 luminis
759 3692 898 3776 predicti
924 3693 968 3777 xij
997 3692 1145 3756 denarios
1171 3713 1231 3776 per
1259 3714 1382 3755 annum
1412 3692 1454 3756 ad

129 3817 272 3902 ffit’aa
294 3797 556 3885 quarteragium:
588 3804 622 3860 et
652 3796 680 3859 si
707 3797 780 3881 quis
807 3797 962 3864 defecerit
988 3797 1023 3860 in
1050 3797 1113 3861 ista
1139 3796 1303 3859 solucione
1329 3796 1363 3860 in
1389 3797 1454 3861 fine

128 3902 276 4001 fflffif
294 3904 372 3968 anni
394 3903 507 3966 soluet.
553 3901 590 3966 Si
613 3902 686 3986 quis
709 3901 807 3965 fuerit
829 3903 930 3966 frater
952 3902 1004 3965 vel
1026 3923 1122 3976 soror,
1138 3900 1294 3964 uxoribus
1317 3901 1453 3964 fratrum

129 3999 241 4094 ffilfflf'
293 4009 389 4072 istius
409 4007 495 4092 gilde
516 4007 689 4071 dumtaxat
711 4008 864 4093 exceptis,
884 4007 989 4071 solvet
1010 4007 1091 4070 duas
1112 4006 1211 4070 libras
1231 4027 1304 4070 cere
1325 4006 1365 4069 ad
1385 4028 1454 4069 sus-

130 4093 253 4134 Factotha
408 4111 415 4124 ο
617 4111 659 4125 ··
793 4113 845 4124 ··
976 4112 1036 4124 ..
1109 4111 1114 4124 .
1245 4109 1285 4148 Ἴ,
1364 4109 1395 4122 ..

128 4141 247 4239 pgppua
294 4121 513 4178 tentac1onem
544 4111 678 4176 lumrms
709 4112 858 4198 predlctr,
888 4121 921 4175 et
951 4111 1181 4176 mchrlomrnus
1215 4110 1267 4194 [sl]
1316 4109 1455 4194 qurhbet

701 4340 710 4372 1
728 4341 784 4390 she
796 4344 807 4391 ι’
818 4341 927 4392 omitted
938 4304 1034 4392 rn'us.

701 4423 711 4454 ²
729 4423 846 4473 Omitted
856 4423 885 4472 in
897 4423 952 4472 MS.
