3170 5104
528 414 567 462 sr
589 395 821 464 xsrnnsrun’s
843 413 934 462 orno.
1266 397 1308 463 87

145 572 245 646 prout
260 588 381 651 equum
397 567 498 632 fuerit
513 576 548 633 et
567 565 775 632 consentiens
794 567 924 645 racioni,
940 589 977 632 ac
997 590 1056 653 per
1075 567 1308 633 limitationem

144 676 178 732 ct
203 671 459 756 assignacionem
490 672 651 738 dictorum
677 673 824 738 custodis
850 681 884 738 et
914 681 1134 757 promotorum
1164 673 1222 760 qui
1251 694 1309 757 pro

144 782 295 859 tempora
314 776 495 854 extiterint,
510 776 632 842 tociens
649 799 779 843 necesse
795 777 893 842 fuerit
913 777 1135 843 innovandum
1156 777 1310 862 quociens

143 876 276 943 dabunt
311 887 345 944 et
375 880 547 946 conferent.
608 882 652 946 Et
685 882 713 946 si
742 883 913 967 contingat
943 882 1061 967 aliquis
1091 881 1228 948 fratrum
1257 881 1310 946 vel

143 1003 292 1048 sororum
319 985 406 1050 dicte
429 986 519 1072 gilde
545 987 707 1052 dictarum
738 987 937 1052 torchiarum
968 986 1245 1052 sustentationem
1275 993 1310 1050 et

142 1088 388 1171 reparationem
410 1090 601 1156 subtrahere
621 1092 673 1156 vel
694 1091 852 1178 impedire
873 1092 930 1177 qui
950 1091 1138 1176 hujusmodi
1153 1089 1309 1174 †susten-

142 1189 236 1274 teri†
264 1192 406 1258 debeant
432 1204 605 1281 postquam
632 1195 675 1260 ad
700 1197 760 1262 hoc
783 1218 842 1282 per
863 1195 1031 1260 custodem
1055 1204 1089 1260 et
1111 1204 1310 1280 promotores
1323 1218 1429 1314 ffitffi,

142 1296 311 1378 predictos
331 1319 387 1363 scu
410 1299 553 1385 aliquem
575 1321 686 1364 eorum
708 1301 915 1385 premunitus
936 1299 1035 1364 fuerit
1054 1321 1111 1364 seu
1133 1299 1310 1384 requisitus
1322 1314 1449 1402 ffipgqon

141 1408 177 1464 et
189 1423 248 1466 eas
259 1402 438 1467 secundum
450 1403 625 1470 facultates
636 1425 711 1468 suas
722 1401 927 1487 †sustentari
935 1400 954 1486 †
963 1402 1105 1468 nolucrit
1116 1403 1168 1467 vel
1182 1425 1309 1470 recusa-
1322 1409 1423 1459 maa)

143 1504 241 1582 verit,
272 1507 360 1592 quod
390 1509 485 1586 absit,
515 1509 578 1574 nisi
611 1531 722 1574 secum
757 1509 838 1573 alias
867 1508 1092 1593 dispensatum
1123 1509 1222 1574 fuerit
1252 1531 1310 1593 per

142 1612 318 1677 custodem
334 1621 369 1678 et
384 1622 584 1699 promotores
599 1615 656 1700 qui
672 1637 729 1700 pro
744 1623 890 1700 ternpore
907 1614 1038 1692 fuerint,
1053 1615 1167 1679 statim
1183 1637 1221 1680 eo
1239 1615 1310 1699 ipso
1323 1623 1470 1721 ffiffl„

142 1713 196 1792 sit,
213 1715 301 1780 infra
316 1740 337 1780 x
352 1718 422 1783 dies
438 1718 480 1782 ab
495 1741 534 1783 co
549 1727 696 1804 tempore
712 1718 949 1805 computandos
964 1719 1111 1804 proxime
1128 1725 1309 1804 sequentes,

143 1817 178 1880 in
197 1819 228 1882 *ii
251 1819 343 1885 libris
366 1843 438 1886 cere
456 1821 497 1886 ad
514 1822 789 1887 sustentacionem
813 1821 894 1886 dicti
915 1821 1049 1886 luminis
1072 1821 1159 1885 dicto
1184 1821 1311 1886 custodi

141 1924 380 2006 persolvendis,
409 1925 473 1989 nisi
509 1933 641 2010 propter
674 1935 902 2012 paupertatem
938 1926 1223 2011 supervenientem
1259 1926 1453 2027 velgssgssssffl

141 2026 246 2092 aliam
270 2027 394 2092 licitam
417 2051 548 2094 causam
570 2029 658 2115 quod
680 2031 838 2116 premissa
861 2030 1013 2114 supplere
1035 2030 1228 2115 nequiverit.

215 2188 243 2251 9.
291 2184 377 2250 Item
394 2184 580 2250 ordinamus
596 2195 630 2251 et
645 2178 822 2253 statuimus
838 2187 925 2274 quod
940 2187 1064 2252 tociens
1079 2185 1198 2272 aliquis
1213 2187 1312 2251 frater
1324 2194 1462 2283 {affud-

144 2288 199 2352 vel
236 2311 324 2352 soror
359 2288 447 2353 dicte
483 2298 592 2354 nostre
628 2290 717 2377 gilde
750 2313 808 2376 per
844 2289 1028 2376 predictum
1059 2288 1226 2354 custodem
1253 2313 1310 2354 seu
1324 2290 1476 2387 ffiffit

144 2401 349 2476 promotores
378 2393 445 2458 sive
475 2395 618 2481 aliquem
651 2396 827 2460 eorundem
859 2395 916 2481 qui
946 2417 1004 2480 pro
1035 2402 1182 2480 tempore
1212 2393 1311 2459 fuerit
1324 2385 1424 2483 ffim

145 2497 330 2562 formaliter
365 2506 399 2562 et
434 2499 633 2564 sufficienter
664 2509 761 2565 antea
792 2522 851 2586 per
882 2499 919 2562 iii
951 2499 1030 2577 dies,
1060 2499 1112 2563 vel
1143 2499 1164 2585 ij
1186 2549 1265 2564 ......
1284 2499 1311 2563 si

145 2602 261 2666 arduis
281 2602 381 2666 fuerit
401 2603 553 2690 negociis,
568 2603 773 2688 premunitus
796 2603 954 2668 extiterat
973 2603 1126 2688 quociens
1142 2603 1311 2688 perveniat

145 2706 175 2769 si
204 2707 382 2771 commode·
404 2707 549 2792 poterit¹,
575 2720 610 2772 et
640 2707 667 2771 si
698 2706 760 2791 [se]
792 2707 1014 2771 absentaverit
1044 2728 1103 2770 nec
1132 2729 1242 2771 secum
1258 2713 1311 2770 ut

145 2811 334 2895 predictum
365 2819 415 2875 est
439 2810 663 2894 dispensatum
690 2811 791 2875 fuerit
817 2810 858 2874 ad
885 2809 1076 2875 solvendum
1102 2810 1229 2874 custodi
1253 2810 1311 2895 qui

146 2935 207 2997 pro
234 2921 380 2998 tempore
410 2914 509 2982 fuerit
540 2914 663 2978 virtute
688 2912 870 2998 juramenti
901 2912 1030 2997 prestiti
1059 2913 1099 2976 ad
1131 2913 1310 2999 predictam
1324 2937 1423 3025 pm

146 3017 284 3082 luminis
309 3019 584 3083 sustentacionem
612 3017 696 3082 infra
722 3017 755 3080 vi
781 3016 851 3081 dies
875 3017 1021 3102 proxime
1048 3025 1221 3104 sequentes
1243 3040 1277 3082 in
1300 3032 1453 3120 rpfflqb

147 3121 233 3186 libra
255 3143 327 3185 cere
349 3121 431 3185 sciat
453 3143 488 3186 se
510 3120 735 3206 applicatum²‚
755 3119 820 3184 nisi
837 3119 930 3204 justa
952 3143 1049 3184 causa
1069 3129 1104 3184 et
1124 3121 1311 3185 racionabili
1325 3129 1437 3224 gfflhtg

147 3226 201 3292 vel
217 3248 276 3311 per
291 3225 415 3290 dictum
430 3225 599 3290 custodem
615 3236 650 3290 et
670 3234 872 3310 promotores
892 3247 949 3290 seu
970 3225 1114 3311 aliquem
1135 3249 1247 3291 corum
1267 3227 1311 3290 sit
1325 3223 1464 3272 ¹¹¹²¹⁶⁸⁸⁸⁰⁰⁶

1325 3281 1403 3312 excuse
1411 3282 1452 3311 0⁸11

149 3331 361 3397 excusandus.
1325 3317 1444 3360 morerer

217 3492 266 3554 10.
313 3489 400 3553 Item
421 3489 579 3567 volumus,
594 3490 782 3555 ordinamus
801 3497 835 3554 et
853 3489 1031 3554 statuimus
1046 3489 1132 3575 quod
1148 3489 1312 3554 Walterus
1325 3503 1479 3598 gqmqapeerq

150 3593 288 3660 Sutton⁸
310 3593 446 3658 clericus
468 3601 578 3658 nostre
600 3595 689 3681 gilde
712 3595 859 3680 predicte
882 3595 924 3659 ad
948 3593 1051 3658 dictos
1082 3593 1136 3658 xvi
1146 3594 1175 3659 d.
1199 3595 1240 3658 ad
1263 3593 1312 3657 iiii
1325 3606 1403 3693 23⁰3,
1427 3605 1463 3702 eq.)

150 3697 308 3764 terminos
328 3697 406 3762 anni
426 3721 484 3784 per
504 3700 681 3763 confratres
701 3707 738 3762 ut
755 3700 960 3783 premittitur
976 3699 1203 3784 persolvendos
1219 3721 1256 3762 ac
1270 3697 1311 3761 ad
1325 3700 1450 3790 ppqppmu

150 3801 427 3866 sustentacionem
455 3801 536 3866 dicti
561 3802 698 3866 luminis
731 3811 765 3866 et
796 3803 994 3866 torchiarum
1023 3823 1146 3865 necnon
1174 3801 1312 3865 aliarum
1325 3794 1424 3893 {2522}

1325 3891 1370 3932 and
1379 3891 1449 3932 tothe
1553 3933 1555 3940 ,

150 3929 366 3992 expensarum
392 3905 514 3970 dictam
541 3906 666 3992 gildam
692 3928 749 3970 seu
777 3907 1019 3971 fraternitatem
1046 3906 1311 3970 concemencium
1325 3939 1435 3980 mmm.

151 4017 284 4074 maneat
309 4010 349 4073 de
380 4009 518 4093 propriis
545 4009 680 4072 minime
708 4009 873 4094 obligatus
900 4010 977 4095 quia
1004 4009 1113 4094 sepius
1139 4010 1173 4072 in
1199 4011 1312 4075 frater·
1325 3987 1458 4085 fflqqqne

149 4113 266 4179 nitatis
289 4111 432 4198 negociis
442 4113 485 4195 (l)
510 4122 545 4176 ct
570 4113 644 4177 aliis
669 4113 779 4178 arduis
805 4113 949 4200 negociis
975 4121 1151 4198 occupatus
1175 4113 1312 4180 eandem
1326 4082 1459 4125 mmm

151 4217 419 4304 contingentibus
441 4217 635 4302 propcncius
658 4216 779 4284 existit.

316 4361 325 4392 ¹
343 4361 400 4412 ΜΒ.
413 4361 535 4424 poterint.
833 4360 843 4392 ²
860 4361 931 4411 Used
943 4363 983 4411 lor
994 4361 1148 4423 obligatum.

521 4441 532 4475 ⁸
548 4441 678 4506 Probably
689 4442 735 4493 tho
745 4443 834 4507 publio
845 4448 947 4508 notsry.
