3170 5104
439 429 523 476 oran
546 429 590 476 or
612 428 683 476 run
706 427 801 476 noar
823 428 973 476 rrumrr.
1221 415 1284 479 109

122 594 154 649 et
174 585 356 662 dominum,
372 585 553 650 Dominum
575 585 734 650 Thomam
757 585 820 649 Dei
841 585 951 670 gracia
971 608 1074 670 nuper
1090 586 1286 671 Episcopum
1299 615 1360 693 1353,
1362 615 1427 704 ἕω

121 689 287 754 Eliensem
310 690 455 776 ejusdem
476 689 538 754 loci
556 689 774 767 diocesanum,
793 689 1024 767 auctorizatis1,
1044 690 1233 777 approbatis
1254 699 1287 756 et
1300 701 1431 798 gffiffi

18 833 19 840 κ
119 794 440 874 confirmatis-Qua
467 816 543 858 vero
581 793 680 858 Gilda
717 794 786 859 sive
816 795 1019 860 Fraternitas
1048 796 1156 860 nullas
1186 806 1288 862 terras
1300 796 1411 836 ffifflv‘*

1299 845 1359 884 cates
1367 843 1390 883 ol
1399 844 1437 884 tha

119 905 311 962 tenementa
331 919 439 982 neque
458 897 606 962 redditus
626 919 685 962 seu
705 898 793 963 bona
807 898 939 963 omnino
954 899 1088 984 penitus
1102 899 1204 964 habet
1219 901 1287 966 sive
1300 891 1433 1026 3ῗὲἓῖξῇ

1300 987 1315 1026 b
1371 997 1439 1034 omas,

117 1001 387 1078 catalla—vobis
409 1008 444 1065 et
466 999 686 1065 dominacioni
709 1007 816 1065 vestre
840 1001 1015 1066 veritatem
1039 1002 1223 1068 certificant
1246 1005 1288 1070 de
1320 1033 1415 1083 insopor

118 1106 295 1190 premissis,
333 1105 486 1170 Preterea
498 1105 625 1189 placeat
638 1104 858 1168 dominacioni
870 1112 976 1169 vestre
991 1107 1167 1172 reverende
1182 1107 1287 1193 ipsam
1300 1081 1435 1226 Ξξῂὲξέῃᾱᾱ

118 1210 151 1272 in
174 1210 300 1275 honore
326 1209 446 1274 Sancte
470 1209 644 1274 Trinitatis
667 1207 837 1274 dimittere
860 1216 894 1272 et
920 1210 963 1273 ad
985 1210 1111 1275 cultum
1136 1210 1285 1276 diuinum
1299 1223 1450 1312 mopsos,

18 1309 19 1312 '
116 1313 252 1379 fortuna
277 1314 444 1380 arridente
468 1314 608 1378 ulterius
633 1335 820 1379 accrescere.
868 1314 1014 1394 Quorum
1042 1315 1174 1400 quidem
1203 1315 1367 1381 ordi-1³⁰⁰ds

18 1399 19 1414 ¹
116 1420 293 1484 nacionum
317 1419 386 1483 sive
405 1425 605 1483 statutorum
627 1426 718 1482 totus
737 1426 771 1482 et
787 1440 884 1483 verus
903 1427 998 1483 tenor
1019 1420 1168 1505 sequitur
1186 1428 1220 1484 et
1237 1429 1286 1484 est

116 1522 200 1588 talis.

522 1649 652 1716 Statuta
675 1650 757 1717 dicte
782 1650 883 1718 Gildo.
1299 1669 1393 1710 aratura

180 1805 357 1871 Universis
373 1805 492 1870 Sancte
508 1806 622 1870 matris
638 1807 772 1872 ecclesie
787 1808 864 1872 filiis
878 1808 922 1873 ad
936 1830 1017 1893 quos
1032 1815 1199 1893 presentes
1214 1831 1285 1894 per-

18 1979 19 1986 ,
114 1910 279 1988 venerint,
294 1909 318 1974 J
320 1909 465 1974 ohannes
480 1909 521 1974 de
542 1909 678 1974 Neuton
702 1911 814 1977 doctor
832 1913 950 1998 legum,
967 1913 1124 1978 Officialis
1146 1912 1285 1977 Eliensis
1297 1938 1391 1979 roanos

1275 2018 1281 2030 .
1297 1986 1399 2035 Newton,

18 2047 19 2104 3
114 2037 150 2078 ao
173 2013 351 2080 reverendi
374 2015 409 2077 in
432 2013 565 2080 Christo
589 2016 693 2100 patris
716 2025 751 2082 et
767 2017 892 2081 domini
915 2018 1050 2082 Domini
1073 2018 1198 2082 Thorne
1221 2018 1434 2081 Deroffioalanr

1296 2082 1350 2122 Corn

114 2119 226 2203 gracia
236 2118 390 2204 Episcopi
401 2118 541 2183 Ellensis
554 2117 804 2184 Commissarius
816 2119 857 2184 ad
869 2120 1075 2206 infrascripta
1085 2121 1285 2188 sufficienter
1296 2129 1430 2226 ffilggngp
1444 2115 1449 2132 '

18 2249 19 2296 ξ
115 2223 299 2309 deputatus
314 2223 455 2288 salutem
471 2223 505 2286 in
521 2222 664 2287 Domino
680 2232 714 2287 et
729 2223 937 2310 infrascripta
953 2233 1113 2310 perpetue
1129 2225 1283 2290 memorie
1296 2223 1345 2274 3¹7»

115 2327 357 2391 commendare.
404 2326 457 2390 Ad
479 2326 704 2391 universitatis
727 2335 835 2392 vestre
858 2328 1014 2392 noticiam
1038 2329 1188 2393 volumus
1210 2351 1282 2415 per-

18 2467 19 2528 j
115 2433 229 2496 venire
262 2430 357 2516 quod,
388 2438 614 2516 comparentes
644 2452 752 2494 coram
781 2431 885 2508 nobis,
914 2431 949 2495 in
987 2431 1133 2496 Ecclesia
1163 2432 1284 2498 Sancte
1296 2451 1408 2539 {fflssffl

18 2539 19 2546 ’
116 2535 221 2599 Maria
247 2544 341 2598 extra
362 2535 652 2620 Trumpitongates
675 2531 889 2620 Cantabrigie
909 2535 1049 2599 Eliensis
1070 2535 1206 2600 diocesis
1225 2559 1284 2622 pro
1297 2547 1409 2634 ffffipgp

18 2683 19 2686 =
115 2639 279 2704 tribunali
301 2638 491 2703 sedentibus
514 2638 549 2702 in
571 2637 669 2722 pleno
692 2635 892 2702 Consistorio
915 2637 1047 2717 Eliensi,
1069 2639 1122 2702 die
1146 2639 1284 2704 Sabbati
1297 2642 1447 2739 fflffilm

114 2745 268 2827 proxima
279 2752 352 2828 post
364 2743 485 2806 festum
499 2741 614 2806 Sancti
626 2740 793 2804 Dunstani
805 2740 957 2806 videlicet
970 2741 1166 2826 [vicesimol]
1179 2743 1283 2828 primo

116 2847 169 2912 die
187 2847 312 2912 mensis
334 2845 415 2910 Maii
436 2868 521 2910 anno
544 2845 587 2910 ab
607 2845 833 2911 incarnacione
855 2845 999 2923 Domini,
1014 2847 1194 2912 secundum
1212 2869 1284 2911 cur-

115 2974 186 3016 sum
205 2961 243 3016 et
258 2951 540 3035 computacionem
557 2949 691 3014 ecclesie
707 2950 898 3037 Anglicane,
914 2951 1087 3015 millesimo
1108 2960 1283 3016 trescente-

18 3097 20 3116 .
116 3057 198 3122 simo
243 3055 440 3141 octogesimo
483 3063 610 3139 quarto,
652 3053 839 3119 Indiccione
881 3056 1030 3141 septima,
1071 3057 1284 3122 Pontificatus

116 3160 326 3226 Sanctissimi
348 3161 384 3223 in
407 3159 539 3224 Christo
559 3159 663 3243 patris
682 3168 717 3223 et
735 3158 860 3223 domini
885 3161 988 3224 nostri
1008 3160 1132 3224 domini
1155 3161 1283 3226 Urbani

116 3266 231 3330 divina
253 3263 461 3350 providencia
485 3263 573 3348 Pape
596 3263 680 3326 sexti
704 3285 790 3327 anno
819 3264 969 3349 septimo,
995 3265 1108 3329 dilecti
1130 3265 1224 3329 nobis
1246 3266 1282 3330 in
1295 3293 1411 3382 inoffi

117 3369 260 3447 Christo,
277 3369 519 3433 Aldermannus
540 3376 574 3432 et
594 3367 772 3432 confratres
794 3367 889 3432 Gildo
910 3369 979 3432 sive
1001 3369 1231 3435 Fraternitatis
1247 3371 1281 3434 in
1304 3389 1446 3478 omps

116 3475 239 3540 honore
262 3473 382 3538 Sancte
403 3471 574 3536 Trinitatis
595 3472 629 3534 in
653 3471 799 3536 Ecclesia
822 3472 943 3537 Sancte
964 3473 1137 3538 Trinitatis
1153 3474 1188 3538 in
1203 3475 1282 3539 villa
1294 3436 1419 3573 {33¹3}-

118 3577 329 3664 Cantabrigie
345 3599 404 3663 per
418 3577 505 3661 ipsos
521 3575 650 3640 noviter
665 3576 829 3654 institute,
845 3575 985 3660 quedam
1007 3577 1229 3642 ordinaciones
1248 3588 1282 3643 et
1293 3579 1433 3670 lindiffer

117 3690 244 3747 statuta
259 3703 317 3767 pro
332 3681 434 3766 ipsius
450 3679 668 3744 fraternitatis
684 3680 820 3765 provida
833 3680 1073 3765 gubernacione
1089 3689 1124 3745 et
1139 3681 1281 3746 uberiori
1294 3675 1434 3772 ὼῇἳῃηξζῃᾱ

117 3787 277 3873 regimine·
307 3785 369 3851 sub
399 3794 488 3850 certa
519 3786 622 3850 forma
650 3793 824 3870 conceptas
854 3793 889 3850 et
915 3786 950 3848 in
976 3785 1105 3871 scriptis
1126 3787 1281 3866 redactas,
1294 3771 1411 3858 ppgispnaa

118 3915 226 3958 coram
249 3892 343 3957 nobis
364 3891 570 3978 judicialiter
595 3898 837 3975 presentarunt,
864 3889 1094 3968 exhibuerunt,
1120 3899 1154 3956 et
1178 3890 1280 3956 eciam
1293 3866 1423 3908 ⁰¹d¹¹¹⁵¹²⁰⁰⁵

119 3997 344 4074 ostenderunt,
381 4018 521 4082 quorum
559 3995 692 4081 quidem
730 3995 973 4059 ordinacionum
1011 4007 1044 4058 et
1081 4003 1279 4061 statutorum

119 4123 232 4165 verum
249 4108 396 4164 tenorem
412 4101 453 4164 de
468 4099 567 4164 verbo
583 4100 624 4164 ad
642 4099 776 4164 verbum
791 4098 998 4185 presentibus
1016 4099 1114 4163 inseri
1135 4101 1279 4180 fecimus,

120 4220 154 4268 et
169 4213 219 4270 est
235 4203 320 4269 talis.

187 4308 359 4374 Universis
391 4309 512 4374 Sancte
542 4309 656 4372 matris
686 4307 819 4372 ecclesie
850 4308 925 4373 filiis
954 4317 1123 4394 presentes
1153 4310 1279 4374 litteras

250 4453 333 4504 lMS.
346 4452 519 4504 auctoritatis.
715 4452 858 4502 ²0mittsu
868 4451 897 4502 in
909 4452 965 4504 MS.
1000 4452 1149 4504 Soabelotr.
