3170 5104
516 415 555 464 sr
577 400 809 464 nsrunruus's
832 415 925 463 omn.
1255 394 1295 457 81

27 558 124 648 “lgm
137 567 283 654 qualibet
302 567 486 654 septimana
504 569 545 634 de
568 579 696 656 septem
716 570 857 635 denariis
878 569 965 634 inter
987 567 1115 634 eosdem
1138 565 1299 653 equaliter

41 653 109 744 dtu
137 672 325 740 dividendis.

29 876 111 966 upupa
199 880 229 943 8.
276 878 320 943 Et
345 879 511 965 apparitor
539 879 675 964 recipiet
705 877 852 965 quolibet
877 877 978 942 fratre
1001 875 1205 963 ingrediente
1230 873 1298 939 sive

35 971 123 1062 *lgm
134 1001 241 1044 sorore
264 981 335 1046 sine
357 983 426 1047 viro
450 1005 554 1047 unum
579 983 750 1047 denarium
775 991 809 1047 et
833 981 968 1046 clericus
991 980 1143 1046 similiter
1166 988 1296 1045 tantum

27 1077 100 1166 affl,
134 1091 168 1148 et
197 1092 298 1150 erunt
327 1085 431 1171 quieti
462 1087 502 1151 de
532 1087 696 1152 solucione
726 1087 933 1151 denariorum
964 1107 1022 1171 pro
1051 1107 1163 1149 eorum
1193 1082 1297 1149 officio

39 1163 92 1300 ‘liga
133 1188 292 1254 faciendo.

41 1317 71 1348 ue
77 1308 122 1357 qur
129 1307 153 1349 ot
160 1307 208 1359 gud
216 1309 337 1360 permeate
344 1309 426 1362 during
433 1310 495 1352 office

32 1486 109 1529 ⁰⁸th0n
198 1476 227 1540 9.
276 1473 320 1538 Et
339 1473 477 1560 quilibet
499 1473 600 1540 frater
620 1475 687 1540 sive
710 1497 798 1540 soror
817 1473 853 1539 in
875 1473 973 1538 istam
993 1472 1232 1538 fraternitatem
1248 1472 1297 1535 in-

130 1577 285 1663 grediens
314 1578 350 1642 in
379 1578 538 1665 principio
568 1579 618 1644 sui
649 1579 804 1644 introitus
834 1579 932 1644 faciet
956 1600 1051 1643 suum
1072 1579 1297 1664 juramentum

131 1682 172 1746 ad
199 1682 441 1748 observandum
467 1684 578 1748 omnic
604 1691 638 1748 et
668 1683 798 1768 singula
827 1690 953 1748 statuta
982 1682 1129 1767 predicta
1158 1680 1299 1746 fideliter

126 1786 229 1872 juxta
252 1809 353 1874 posse.
564 1781 571 1792 ’

35 1998 119 2089 Igeffin·
200 1993 252 2054 10.
299 1989 343 2054 Et
361 1988 511 2054 volumus
534 1998 569 2054 et
590 1990 797 2055 concedimus
814 2012 872 2076 pro
893 1989 986 2054 nobis
1007 1997 1041 2054 at
1061 1985 1298 2053 successoribus

59 2097 64 2106 '
88 2098 114 2138 “¹
132 2093 254 2158 nostris
269 2094 528 2180 quibuscumque
544 2095 629 2180 quod
646 2094 767 2181 singuli
782 2104 929 2160 nostrum
945 2095 1172 2180 delinquentes
1187 2100 1299 2156 contra
1364 2091 1367 2100 “

35 2193 90 2280 0313}
131 2199 293 2284 premissa
304 2208 431 2264 statuta
442 2200 494 2264 vel
506 2223 618 2265 eorum
633 2201 775 2286 aliquod,
787 2201 835 2265 ita
850 2209 962 2264 tamen
977 2197 1061 2284 quod
1079 2196 1298 2263 reconciliacio

38 2287 70 2375 alt
133 2303 174 2366 ad
191 2303 434 2367 ordinacionem
448 2313 590 2368 nostram
603 2326 668 2368 non
679 2304 885 2380 interveniat,
898 2302 1038 2388 quilibet
1049 2302 1094 2366 sic
1106 2302 1299 2386 delinquens

134 2408 295 2491 punietur
323 2430 382 2493 per
412 2409 600 2493 episcopum
631 2409 795 2473 Eliensem
826 2408 877 2472 vel
905 2407 976 2493 ejus
999 2405 1188 2481 Officialem,
1210 2405 1299 2470 omni

134 2511 359 2596 appellacionc
380 2532 436 2574 seu
454 2511 538 2594 juris
559 2511 703 2575 remedio
722 2511 918 2597 postpositis.
965 2510 1006 2574 In
1029 2509 1122 2594 cujus
1143 2509 1191 2573 rei
1206 2509 1298 2572 testi·

135 2617 286 2680 monium
308 2615 367 2680 has
390 2615 516 2679 litteras
534 2624 661 2680 nostras
684 2617 864 2703 sigillorum
883 2624 1065 2680 nostrorum
1088 2613 1298 2698 impressione

27 2716 96 2804 palm·
136 2719 400 2784 comunivimus¹.
445 2719 572 2783 Datum
595 2719 806 2806 Cantebrigg’
830 2720 864 2783 in
889 2721 972 2784 festo
995 2718 1109 2783 Sancti
1134 2716 1300 2780 Edmundi

135 2821 224 2906 regis
247 2829 283 2884 et
305 2820 465 2884 martiris:
503 2821 600 2884 Anno
630 2819 755 2884 domini
784 2819 957 2884 millesimo
987 2826 1075 2882 cccffl⁰
1104 2817 1300 2904 octogesimo

587 3077 597 3108 ¹
614 3076 670 3128 ΜΒ.
683 3075 855 3127 contrivimus.

231 4557 260 4606 0.
272 4556 304 4604 Δ.
316 4557 344 4606 S.
358 4555 452 4604 Octavo
464 4554 556 4603 Series.
589 4551 638 4601 No.
649 4550 765 4599 XXXIX.
