3170 5104
278 383 320 450 70
689 400 893 449 ouumunou
916 401 1026 448 orins.

278 556 462 621 Willelmus
482 579 590 622 coram
611 579 649 622 eo
668 565 749 622 tunc
767 557 888 622 ibidem
905 557 1036 643 publice
1052 558 1177 644 perlegi
1193 565 1227 623 et
1243 557 1440 645 singillatim

276 662 396 747 exponi
417 662 538 733 fecerat
558 663 592 725 in
614 663 741 747 vulgari
761 685 898 748 quorum
920 671 1050 728 tenores
1071 664 1112 728 de
1132 664 1230 728 verbo
1251 664 1285 728 in
1302 663 1442 728 verbum

276 773 459 850 sequuntur
474 767 508 830 in
525 765 612 830 huno
628 767 769 832 modum.
1039 841 1043 848 ι

342 868 462 934 Sancte
486 872 600 936 matris
623 872 756 936 ecclesie
780 872 856 936 filiis
879 872 1040 937 universis
1065 874 1136 958 a[d]
1164 896 1245 957 quos
1270 881 1442 958 presentes

276 972 493 1057 pervenerint,
521 973 687 1038 Galfridus
715 972 841 1050 Castra,
867 975 1028 1039 Ricardus
1057 975 1243 1060 Hengham,
1268 975 1291 1040 J
1293 976 1442 1039 ohannes

278 1074 401 1152 Castra,
416 1075 543 1140 Alanus
559 1077 665 1154 Brice,
679 1078 867 1143 Willelmus
883 1079 1028 1154 Licham,
1048 1079 1190 1142 Thomas
1211 1077 1444 1154 Bodekisham,

276 1178 444 1244 Johannes
470 1180 512 1245 de
538 1181 678 1266 Aldeby,
701 1181 871 1246 Johannes
903 1182 1069 1246 Abrabam
1101 1190 1136 1246 et
1166 1181 1368 1266 Reginaldus
1400 1179 1444 1243 de

277 1281 351 1345 Elm
374 1281 452 1346 ville
475 1281 694 1368 Cantebrigie,
718 1284 860 1348 Eliensis
882 1284 1012 1348 diocisis
1035 1284 1237 1348 habitatores
1265 1291 1300 1348 et
1324 1283 1442 1359 incole,

277 1385 418 1450 salutem
440 1386 475 1450 in
499 1387 630 1452 domino
654 1395 688 1452 et
711 1409 779 1451 rem
802 1395 929 1472 gestam
952 1397 1114 1473 perpetuo
1137 1389 1320 1452 valituram.

344 1491 545 1575 Unigenitus
560 1491 616 1556 dei
631 1491 720 1556 filius
736 1491 776 1556 de
792 1492 867 1556 sinu
883 1493 986 1577 patris
1007 1493 1041 1556 in
1061 1501 1195 1557 uterum
1217 1492 1372 1579 dignatus
1389 1499 1442 1555 est

276 1594 472 1660 descendere
488 1596 623 1682 virginis
645 1596 759 1660 matris
780 1619 838 1661 sue
860 1597 894 1660 in
916 1620 980 1682 qua
1001 1606 1110 1661 nostre
1132 1597 1342 1660 mortalitatis
1363 1595 1441 1660 sub-

276 1699 437 1765 stanciam
465 1700 634 1766 divinitati
663 1723 720 1765 sue
747 1701 907 1766 ineffabili
935 1702 1057 1766 unione
1084 1701 1264 1786 conjunxit,
1290 1701 1323 1764 id
1351 1699 1441 1786 quod

277 1803 341 1868 fuit
365 1827 559 1890 permanens
582 1812 617 1870 et
639 1805 726 1890 quod
748 1827 813 1868 non
837 1814 907 1870 erat
930 1827 1107 1882 assumens,
1130 1814 1169 1870 ut
1193 1805 1328 1868 haberet
1351 1804 1442 1868 unde

277 1905 447 1972 hominum
471 1909 598 1995 lapsum
626 1908 803 1972 redimeret
825 1917 860 1972 et
883 1931 939 1993 pro
963 1931 1001 1973 eo
1024 1909 1225 1973 satisfaceret
1250 1910 1311 1974 deo
1335 1908 1442 1993 patri;

277 2011 349 2096 ipsa
363 2035 493 2098 quoque
508 2013 714 2078 sanctissima
730 2012 818 2097 virgo
834 2013 931 2097 plena
946 2013 1081 2090 deliciis,
1097 2013 1202 2078 dulcis
1217 2014 1271 2077 dei
1286 2013 1442 2098 genitrix,

278 2115 407 2201 Spiritu
423 2126 535 2182 sancto
552 2125 754 2202 cooperante,
773 2117 894 2180 mundo
911 2117 1016 2181 edidit
1032 2117 1237 2194 salvatorem,
1253 2119 1309 2202 qui
1328 2118 1361 2180 in
1383 2139 1442 2180 ara

278 2220 381 2284 crucis
396 2243 454 2305 pro
469 2205 652 2285 salvacione
673 2220 801 2306 generis
822 2221 959 2284 humani
980 2230 1120 2286 mortem
1143 2221 1277 2286 subiens
1297 2230 1442 2306 tempor-

278 2323 363 2388 alem
386 2333 421 2390 et
443 2325 496 2389 die
519 2325 620 2389 tercia
646 2325 730 2388 sicut
755 2333 973 2389 sacrosancta¹
1000 2325 1096 2391 docet
1124 2327 1306 2411 [scriptura
1329 2326 1441 2411 super]

277 2450 391 2494 omnes
413 2430 498 2494 celos
520 2429 669 2494 ascendit
692 2439 726 2494 et
752 2431 941 2515 preparabit
964 2453 1021 2494 sue
1047 2431 1228 2496 castissime
1254 2431 1353 2496 matri
1380 2431 1443 2493 im-

278 2533 488 2598 mortalitatis
509 2535 617 2598 locum
636 2557 712 2598 oum
729 2556 766 2597 eo
782 2533 817 2597 in
832 2534 935 2620 gloria
950 2543 1108 2620 perpetuo
1124 2543 1308 2619 regnatura
1354 2534 1398 2598 Et
1414 2533 1444 2598 si

278 2637 381 2721 ipsius
403 2637 541 2724 gloriose
565 2638 702 2722 virginis
727 2648 761 2701 et
787 2637 900 2700 matris
927 2638 1056 2720 singula
1083 2639 1167 2702 festa
1193 2660 1251 2723 per
1277 2637 1355 2701 anni
1381 2637 1443 2700 oir-

278 2742 389 2806 culum
410 2743 638 2828 contingencia
658 2743 724 2807 sint
747 2765 767 2805 a
787 2741 913 2806 cunctis
934 2741 1057 2806 Christi
1079 2742 1229 2806 fidelibus
1248 2741 1443 2827 diligencius

279 2847 481 2925 celebranda,
505 2849 561 2912 illa
585 2857 698 2912 tamen
721 2847 867 2933 preclara
891 2847 1052 2910 festivitas
1080 2847 1225 2912 omnium
1254 2856 1442 2911 sauctorum

279 2951 515 3016 festivitatibus
534 2951 806 3036 incomparabilis,
822 2951 857 3013 in
877 2973 943 3036 qua
963 2958 1076 3014 sancta
1092 2958 1126 3014 et
1145 2951 1223 3014 felix
1245 2951 1442 3015 mirantibus

278 3056 420 3120 celorum
446 3056 614 3120 ordinibus
644 3055 687 3120 ad
716 3056 822 3120 celum
854 3066 1031 3140 assumpta,
1055 3063 1089 3118 et
1120 3077 1217 3140 super
1243 3055 1357 3120 choros
1382 3077 1441 3119 an·

278 3161 425 3246 gelorum
455 3160 496 3224 ad
526 3183 628 3246 regna
657 3159 792 3224 celestia
823 3159 978 3238 exaltata,
1007 3168 1041 3223 et
1073 3160 1119 3243 [in
1150 3159 1233 3243 ipso]
1264 3168 1357 3222 trono
1387 3159 1442 3224 dei

278 3265 442 3342 collocata,
453 3274 548 3330 tanto
560 3265 764 3350 dignioribus
780 3264 915 3328 laudum
932 3264 1127 3350 preconibus
1142 3265 1294 3328 convenit
1305 3263 1442 3349 jubilari

278 3390 316 3432 ac
336 3367 473 3432 misticis
496 3368 647 3432 honorari
673 3367 863 3432 muneribus
886 3375 1010 3452 quanto
1033 3367 1065 3431 in
1091 3367 1193 3452 ipsius
1216 3367 1442 3452 assumpcione

278 3495 336 3558 per
356 3495 489 3537 suorum
505 3473 623 3537 merita
643 3475 805 3538 virtutum
822 3473 966 3537 humana
981 3481 1099 3537 natura
1115 3473 1304 3558 angelorum
1321 3473 1444 3538 vicerat

115 3591 143 3632 In
152 3591 239 3632 honour
276 3576 495 3661 dignitatem:
521 3577 562 3641 ad
590 3577 777 3663 hujusmodi
803 3578 964 3663 siquidem
990 3578 1126 3664 virginis
1152 3579 1252 3663 glorie
1279 3587 1313 3642 et
1338 3578 1442 3663 ipsius

115 3639 139 3680 of
147 3640 185 3680 the
193 3640 233 3680 As-

115 3687 230 3776 gugflhgl'lgn
279 3683 513 3766 assumpcionis
543 3683 675 3748 laudem
711 3693 745 3748 et
782 3685 936 3748 bonorem
973 3707 1031 3748 nos
1066 3685 1243 3763 Galfridus
1274 3684 1443 3762 Ricardus,

115 3781 255 3871 οῐῇθξᾱϋξὴθ
279 3787 457 3864 Johannes,
488 3787 623 3864 Alanus,
655 3788 849 3865 Willelmus‚
884 3789 1035 3867 Thomas,
1066 3789 1243 3866 Johannes,
1273 3789 1443 3853 §lohannes

125 3877 215 3918 ΝΜ
279 3899 314 3954 et
335 3889 535 3974 Reginaldus
556 3891 676 3976 prefati
697 3893 873 3978 quamdam
894 3893 1016 3977 gildam
1040 3915 1096 3956 seu
1120 3893 1362 3990 fraternitatem
1386 3893 1442 3957 de-

280 3994 439 4058 crevimus
461 3995 677 4060 inchoandam
693 4019 750 4082 pro
766 3996 860 4082 cujus
875 3999 1012 4082 provida
1026 3998 1265 4082 gubernacione
1281 4006 1315 4062 et
1331 3997 1442 4062 ultiori

281 4098 438 4185 regimine
460 4099 669 4184 infrascripta
691 4109 820 4164 statuta
842 4109 877 4164 et
902 4101 1124 4166 ordinationes
1151 4101 1191 4166 de
1219 4112 1330 4166 nostro
1356 4125 1442 4166 oom-

281 4203 372 4268 muni
387 4225 546 4268 consensu
562 4203 785 4268 ordinavimus
801 4205 971 4290 perpetuis
985 4206 1189 4292 temporibus
1204 4205 1412 4270 observanda

706 4437 715 4470 ¹
733 4439 790 4490 ΜΒ.
804 4445 998 4490 sacrosaunota.
