3170 5104
11 473 13 524 l

11 527 215 846 ἕξις
207 567 255 628 11.
293 564 381 628 Item
397 563 573 629 statuimus
589 573 623 629 et
639 565 827 630 ordinamus
842 565 928 651 quod
944 587 1018 630 curn
1035 563 1174 650 aliquus
1190 565 1298 628 fratris

473 408 557 456 omo
579 407 623 455 or
644 407 714 455 run
737 407 963 458 sssunrrron.
1255 391 1296 456 75

31 677 113 754 ngm
134 667 266 755 noviter
278 667 473 751 ingredient
450 677 492 732 t1s
507 667 695 732 conveniat¹
710 669 863 733 admissio
880 667 1037 744 facienda,
1050 676 1227 754 antequam
1243 667 1299 731 ad-

24 763 120 896 JJJJQ,
137 771 215 834 mitt
213 771 307 835 atur²
321 781 414 857 petat
417 795 455 836 ur
469 795 643 836 consensus
659 773 804 836 omnium
825 781 859 837 et
878 773 1079 858 singulorum
1100 773 1298 836 confratrum

17 856 103 953 ‘hila
134 875 195 959 qui
215 884 293 940 sunt
312 885 346 941 et
365 887 461 942 erunt
482 900 540 962 pro
561 887 707 995 tempore
728 879 826 942 simul
847 879 899 942 vel
914 878 1100 962 separatim,
1116 886 1150 942 et
1166 899 1240 941 curn
1256 876 1298 942 ad

18 952 110 1086 alfii
133 979 199 1045 boe
214 981 436 1046 consenserint
452 982 504 1046 vel
524 982 627 1068 major
647 1005 721 1068 pars
742 1006 854 1048 eornm
871 982 1078 1059 consenserit,
1095 991 1300 1068 exponantur

16 1093 22 1129 ι’
44 1095 49 1104 “
133 1084 201 1148 sibi
203 1095 401 1171 ,antequam
422 1086 527 1151 admit
513 1093 654 1162 ttatur2,
651 1087 764 1172 asperi
768 1095 851 1152 tates
873 1095 907 1151 et
928 1109 1026 1151 onera
1046 1085 1114 1150 dict
1101 1095 1133 1150 te
1153 1085 1249 1170 gilde,
1266 1095 1299 1150 et

133 1188 164 1252 si
186 1189 349 1254 instanter
369 1190 502 1274 petierit
522 1213 556 1254 se
578 1189 721 1268 admitti,
741 1190 898 1254 admittat
885 1200 939 1254 tur
960 1212 1018 1274 per
1040 1189 1122 1253 duos
1144 1188 1299 1252 Rectores

35 1332 63 1371 Ἄ
133 1301 170 1357 et
187 1301 329 1412 quatuor
349 1295 464 1358 fratres
485 1293 572 1358 dicte
540 1294 680 1379 gtilde
701 1294 742 1358 ad
764 1295 881 1360 minus.
926 1293 967 1358 In
988 1293 1039 1379 cuj
1045 1315 1082 1358 us
1103 1291 1298 1357 admissione

17 1332 106 1467 iia
90 1429 113 1468 ιε
132 1399 242 1463 solvat
262 1399 403 1516 primurn
427 1400 472 1464 sic
493 1399 654 1464 admissus
674 1401 715 1465 ad
740 1400 1032 1464 sustentaeionem³
1054 1421 1187 1464 onerum
1212 1399 1298 1463 dicte

18 1487 73 1562 {al
112 1503 226 1588 ,gilde
248 1504 351 1590 magis
374 1503 427 1568 vel
448 1503 555 1568 minus
572 1505 650 1590 juxt
652 1527 672 1568 a
636 1505 866 1568 tfacultates
890 1526 973 1581 suas,
996 1512 1090 1589 prout
1115 1503 1298 1583 adinvicem

22 1730 25 1743 ι
36 1713 109 1756 admit
133 1717 249 1758 Eutrancs
258 1717 300 1766 fes,
307 1729 368 1759 more
376 1729 402 1760 or
409 1718 453 1760 less
460 1718 577 1768 according
584 1720 609 1760 to
617 1719 785 1760 circumstances
793 1719 817 1759 ot
825 1718 864 1760 the
872 1717 990 1759 candidate
998 1727 1023 1758 ss
1031 1715 1110 1766 agreed
1118 1716 1254 1758 belorehand

22 1918 44 1985 5,
49 1953 106 2000 ue
203 1877 283 1942 Post
309 1901 447 1964 quorum
478 1879 611 1963 quidem
643 1886 843 1943 statutorum
875 1878 940 1941 lect
927 1885 1033 1941 turam
1065 1885 1100 1941 et
1130 1877 1296 1962 vulgarem

21 2001 118 2058 asans
133 1983 383 2066 esposicionem,
406 1983 545 2067 predicti
571 1984 632 2048 Gal
634 1984 746 2058 fridus,
771 1983 938 2057 Ricardus,
964 1981 1139 2057 Johannes‚
1164 1982 1299 2058 Alanus,

41 2049 108 2138 llll„
133 2087 333 2165 Willelmus,
363 2089 514 2163 Thomas.
546 2089 724 2164 Johannes,
754 2087 922 2152 Johannes
956 2095 990 2150 et
1024 2086 1224 2171 Reginaldus
1257 2087 1298 2151 ad

133 2213 250 2254 eorum
271 2191 417 2256 omnium
439 2200 474 2256 et
495 2191 697 2278 singulorum
722 2190 964 2254 observanciam
988 2211 1028 2254 ex
1051 2198 1140 2253 certa
1162 2190 1299 2254 sciencia

18 2300 103 2423 laps,
134 2302 171 2358 et
188 2294 366 2360 deliberato
387 2297 551 2381 proposito
571 2306 610 2360 ut
630 2303 839 2358 asseruerunt
859 2295 957 2357 tactis
978 2315 1037 2378 per
1057 2315 1111 2358 eos
1131 2303 1166 2358 et
1187 2316 1297 2358 eorum

25 2381 102 2516 ἑθέξθ
90 2394 320 2484 quemlibet
354 2401 565 2464 sacrosanctis
599 2399 777 2484 evangeliis
811 2399 973 2482 corporale
1012 2399 1227 2482 prestiterunt
1264 2409 1298 2463 et

134 2523 249 2566 eorum
272 2503 426 2669 quilibetf
433 2503 579 2588 prestitit
596 2503 831 2588 juramentum.
878 2503 987 2586 Super
1008 2502 1127 2586 quibus
1148 2502 1299 2566 omnibus

97 2585 171 2666 ⁰et
193 2604 331 2691 singulis
351 2608 459 2691 prefat
424 2606 549 2672 atiGal
552 2608 663 2682 tridua,
679 2605 847 2680 Ricardus,
863 2604 1039 2680 JohonneS,
1055 2603 1188 2680 Alanus,
1205 2603 1297 2666 Will-

22 2721 108 2766 ''¹1¹²11
136 2708 250 2787 elmus,
263 2711 411 2784 Thomas,
425 2711 603 2788 Johannes,
614 2711 637 2775 J
639 2711 781 2774 ohannes
794 2718 828 2774 et
844 2709 1045 2794 Reginaldus
1057 2707 1298 2794 requisiverunt

136 2835 191 2876 me
216 2815 378 2878 notarium
407 2815 606 2900 publicum
598 2838 632 2878 1n
635 2814 784 2898 trascript
787 2836 842 2877 um
866 2812 929 2876 sibi
951 2812 1107 2876 conficere
1129 2812 1296 2896 publicum

11 2879 13 2968 l
136 2916 402 2982 instrumentum.
448 2919 534 2982 Acta
557 2919 690 2982 fuerunt
715 2917 773 2980 hec
794 2916 855 2980 sub
876 2939 970 2994 anno,
991 2915 1177 2992 indictione,
1191 2918 1298 3032 ponti-

11 3011 13 3024 ’
138 3021 247 3096 ficato,
263 3043 383 3096 mense,
400 3021 453 3086 die
469 3031 503 3086 et
524 3022 593 3086 loeo
614 3021 779 3106 predictis.
824 3019 1035 3083 Presentibus
1055 3019 1251 3083 discretis
1223 3020 1298 3084 v1ris

11 3115 97 3190 tineae
137 3123 304 3188 Willelmo
326 3125 480 3210 Wolreby
499 3134 534 3189 et
554 3126 682 3241 chero
704 3123 912 3189 Chaundeler
932 3122 1056 3186 clericis
1076 3122 1298 3188 Lincolnensis

11 3233 14 3416 J
137 3227 273 3292 diocesis
288 3229 428 3293 testibus
444 3229 485 3293 ad
500 3229 657 3314 premissa
672 3227 794 3292 vocatis
809 3227 1044 3312 specialiteret
1059 3237 1153 3312 rogat
1154 3226 1190 3293 is.

205 3417 249 3482 Et
271 3441 332 3504 ego
354 3419 518 3483 Robertus
540 3418 582 3482 de
600 3418 728 3481 chton
751 3417 886 3482 clericus
909 3416 1145 3480 Lincolniensis
1164 3417 1298 3482 diocesis

137 3521 289 3605 publicus
313 3523 508 3586 auctoritate
531 3520 709 3607 apostolica
731 3521 877 3584 notarius
900 3520 1066 3606 premissis
1088 3521 1240 3586 omnibus
1264 3530 1297 3586 et

138 3625 276 3712 singulis
312 3649 370 3712 per
399 3649 452 3690 me
483 3627 634 3711 superius
664 3626 809 3690 recitatis
837 3626 918 3710 dum
949 3626 995 3690 sio
1025 3636 1063 3690 ut
1094 3626 1298 3710 premittitur

139 3731 320 3815 agebantur
342 3740 376 3794 et
401 3728 522 3794 fiebant
545 3731 606 3794 sub
629 3753 724 3808 anne,
746 3717 933 3808 indictione,
952 3730 1156 3815 pontificatu,
1177 3753 1298 3808 mense,

116 3897 119 3900 ,
138 3832 192 3897 die
208 3843 241 3898 et
256 3835 325 3898 loco
341 3834 496 3919 predictis
511 3857 652 3898 unacum
668 3835 903 3919 prenominatis
925 3834 1066 3898 testibus
1087 3835 1298 3918 personaliter

122 3953 270 4022 'presens
289 3938 423 4002 interfui
445 3960 549 4023 eaque
569 3939 615 4002 sio
638 3937 708 4002 fieri
733 3938 801 4001 vidi
824 3948 858 4001 et
881 3937 992 4001 audivi
1014 3939 1049 4000 in
1072 3938 1135 4002 hiis
1157 3937 1298 4003 duabus⁴

563 4190 572 4221 ¹
589 4191 644 4241 MS.
657 4190 783 4240 inveniat.

562 4273 573 4304 ²
590 4273 647 4323 MS.
658 4273 842 4325 admittantur.

563 4353 574 4386 ³
590 4355 646 4405 MS.
659 4354 889 4404 sustentationem.

563 4436 574 4466 ⁴
590 4437 659 4500 Only
670 4452 719 4486 one
730 4437 853 4488 remeius.
