3194 5120
337 363 377 425 12
749 377 953 426 cinnamon
975 377 1085 426 arnna.

166 537 302 631 MQM
398 529 563 596 Robertus
592 532 633 597 de
665 531 886 600 Oumbertone
917 533 1042 598 electus
1072 541 1123 598 est
1152 532 1186 595 in
1217 530 1394 596 alderman.
1455 529 1501 592 Et

332 633 561 699 concordatum
592 645 643 700 est
673 635 760 722 quod
790 659 902 702 omnes
929 639 1044 702 fratres
1074 647 1109 702 et
1139 658 1261 701 sorores
1291 635 1378 699 dicte
1408 633 1500 720 gilde

331 737 595 804 summoniantur
609 739 650 804 ad
666 740 866 805 audiendum
883 742 1151 826 sac[r]amentum
1167 740 1247 806 dicti
1263 738 1478 804 aldermanni.

166 852 298 944 aessffiss„
398 841 584 907 Consiliarii
606 843 692 908 dicte
713 844 809 929 gilde,
824 845 931 910 Adam
957 845 1078 910 Rector
1097 844 1232 910 ecclesie
1250 842 1355 908 sancti
1372 842 1501 907 Micha-
1574 877 1575 908 l

332 945 400 1024 elis,
418 947 526 1012 Adam
547 947 589 1012 de
610 948 740 1026 sabam,
763 948 904 1015 Simund
927 950 967 1016 de
987 951 1152 1027 Reffham,
1174 949 1268 1015 Eudo
1291 949 1332 1013 de
1355 947 1501 1035 Erping·

332 1048 483 1127 ham**¹,
500 1051 682 1116 consiliarii.

399 1261 452 1345 [25
470 1262 546 1328 Feb.
565 1264 663 1348 1319]
709 1262 828 1348 †Alibi
849 1272 900 1329 est
923 1263 957 1327 in
979 1270 1079 1328 novo’
1096 1263 1203 1328 rotulo
1224 1285 1331 1328 coram
1351 1262 1501 1328 Roberto

331 1364 372 1429 de
388 1363 590 1431 Cumberton
606 1367 824 1434 aldermanno.

166 1606 286 1695 gorgarum
398 1587 617 1674 Congregacio
649 1589 735 1654 facta
769 1590 906 1653 fratrum
935 1589 1023 1674 gilde
1051 1589 1146 1654 beate
1182 1589 1286 1654 Marie
1323 1589 1501 1654 Dominica

332 1687 438 1774 prima
461 1687 794 1776 †quadragesimale†
821 1712 906 1753 anno
933 1689 1025 1775 regni
1051 1689 1135 1774 regis
1163 1689 1314 1753 Edwardi
1339 1689 1407 1774 xij0.
1430 1712 1500 1775 quo

167 1801 265 1843 vneror
273 1802 310 1843 ne
334 1793 484 1857 videlicet
500 1793 552 1856 die
568 1794 719 1858 dominus
735 1793 803 1887 Ric.
820 1793 959 1857 vicarius
975 1791 1156 1857 ⁰Ecclesie⁰
1173 1793 1313 1857 rotunde
1329 1794 1501 1858 fatebatur

165 1850 294 1938 33le
331 1919 365 1960 se
385 1899 488 1961 teneri
510 1919 568 1981 per
590 1897 695 1960 visum
716 1897 859 1981 conspoti
879 1897 914 1960 in
935 1896 993 1981 iiij.
1005 1897 1039 1962 li.
1054 1896 1117 1961 xvi.
1127 1919 1151 1960 s.
1168 1897 1330 1961 solvendis
1350 1897 1392 1960 ad
1415 1897 1501 1961 duos
1577 1921 1578 1928 ¹

211 1957 230 1984 W

164 1945 304 2034 {gsstffiffl
332 2001 487 2064 terminos
517 2000 595 2064 anni
625 2001 777 2064 videlicet
807 2000 848 2063 ad
880 2001 1000 2062 festum
1025 1999 1124 2064 Pasce
1147 2001 1331 2084 proximum
1356 2022 1501 2086 sequens

326 2104 340 2190 j
358 2128 453 2170 marc.
471 2105 559 2170 etad
579 2106 698 2169 festum
716 2105 821 2168 sancti
844 2103 1013 2168 Michaelis
1031 2104 1045 2189 j
1075 2125 1168 2168 marc.
1190 2103 1285 2168 etsie
1302 2104 1342 2168 de
1359 2124 1446 2168 anno
1463 2104 1500 2168 in

331 2233 453 2275 annum
486 2211 543 2275 ⁰ad
574 2211 678 2275 dictos
714 2209 889 2274 terminos⁰
925 2209 1027 2273 donec
1062 2209 1267 2295 persolvatur
1304 2211 1499 2274 universum
1578 2255 1579 2264 η

331 2313 489 2379 debitum.

166 2429 310 2527 fflffim
397 2420 484 2484 Item
500 2419 613 2484 eodem
630 2419 683 2483 die
700 2418 778 2503 Reg.
795 2419 836 2482 de
853 2418 1050 2503 Trumpiton
1071 2417 1237 2482 fatebatur
1256 2439 1290 2481 se
1311 2419 1418 2482 teneri
1437 2440 1500 2504 per

332 2524 436 2588 visum
458 2533 645 2609 compotum
666 2523 742 2587 xlix.
752 2545 774 2586 s.
797 2521 819 2607 ij
830 2522 859 2587 d.
879 2531 921 2607 qa
941 2522 981 2586 de
1002 2544 1066 2608 quo
1084 2523 1195 2587 debito
1214 2523 1313 2586 soluit
1336 2544 1394 2607 pro
1418 2523 1499 2586 mis-

166 2628 391 2732 fflnttorsali
408 2630 442 2692 in
459 2627 594 2692 ecelesia
609 2627 724 2692 0beate
739 2626 860 2691 Marie⁰
878 2628 892 2712 j
917 2650 1011 2692 mare.
1058 2627 1102 2692 Et
1125 2628 1170 2691 sic
1194 2627 1324 2691 missale
1347 2637 1499 2693 remanet
1579 2669 1580 2676 κ

166 2737 277 2780 delmi
331 2732 485 2797 fratribus
515 2731 684 2818 †gildie's:
721 2741 755 2796 et
784 2733 831 2795 sic
861 2743 973 2796 manet
1002 2731 1043 2796 de
1079 2733 1164 2796 claro
1200 2754 1328 2797 xxxva.
1359 2732 1420 2796 xd.
1452 2741 1498 2816 q⁸.

332 2835 472 2901 solvend.
495 2834 705 2898 medietatem
724 2834 766 2898 ad
788 2836 909 2899 festum
932 2835 1038 2899 sancti
1063 2834 1233 2900 Michaelis
1256 2831 1499 2921 †proximum†

332 2961 471 3026 sequeus
508 2949 542 3003 et
573 2937 670 3002 aliam
708 2937 920 3002 medietatem
952 2937 994 3001 ad
1026 2938 1146 3002 festum
1181 2939 1285 3002 sancti
1325 2937 1498 3003 Michaelis

331 3041 503 3129 †proximo
518 3039 707 3124 veniente†.
739 3041 783 3104 Et
798 3040 875 3104 inde
890 3039 989 3104 soluit
1005 3040 1047 3105 N.
1065 3040 1110 3105 Le
1123 3041 1238 3105 barber
1253 3040 1306 3105 die
1323 3042 1500 3108 Dominica

332 3158 408 3212 ante
424 3150 542 3212 festum
560 3146 665 3210 sancti
680 3146 701 3210 J
706 3146 843 3209 ohannis
859 3145 1004 3230 baptiste
1019 3167 1040 3208 x
1050 3151 1090 3210 a³

396 3253 483 3316 Item
500 3251 657 3337 Magister
672 3249 813 3314 Thomas
829 3249 869 3313 de
886 3249 999 3313 Halis⁴
1014 3249 1105 3312 venit
1122 3248 1175 3312 hie
1191 3257 1224 3312 et
1240 3249 1393 3334 cognovit
1409 3251 1499 3336 quod

331 3356 430 3420 debet
445 3355 499 3440 viij
512 3377 535 3418 s.
551 3355 592 3418 de
611 3354 752 3440 quodam
774 3353 852 3418 anni
875 3354 1008 3418 redditu
1030 3354 1167 3417 duorum
1192 3353 1367 3418 solidorum
1389 3365 1499 3420 aretro

331 3459 544 3524 existencium
569 3481 626 3543 per
648 3469 790 3544 quatuor
812 3480 914 3522 annos
937 3457 1072 3542 elapsos,
1093 3456 1133 3522 de
1156 3457 1276 3541 quibus
1297 3456 1414 3522 debuit
1435 3460 1499 3523 sol·

331 3565 415 3627 visse
444 3562 592 3649 quolibet
622 3583 707 3625 anno
738 3562 899 3626 dictorum
926 3561 988 3626 iiii.
1015 3584 1174 3625 annorum
1201 3560 1282 3625 duos
1308 3561 1429 3627 solidos
1455 3565 1499 3628 ad

332 3670 450 3732 festum
478 3666 581 3730 sancti
608 3664 777 3728 Michaelis
805 3675 839 3728 et
864 3664 972 3729 dictus
999 3665 1142 3728 Thomas
1174 3686 1261 3728 nune
1291 3665 1392 3729 soluit
1422 3677 1498 3733 ceto

332 3771 448 3836 solidos
465 3769 617 3834 ⁰Nicolao
638 3769 668 3832 le
687 3767 821 3832 barber0
843 3777 877 3833 et
897 3768 943 3833 sic
962 3767 1095 3853 quietus
1116 3777 1290 3853 estusque
1311 3768 1353 3832 ad
1375 3769 1499 3835 festum

331 3877 435 3940 sancti
451 3872 618 3939 Michaelis
634 3870 806 3957 †proximo
821 3879 981 3958 sequente
997 3869 1135 3956 futuro†
1150 3893 1237 3936 anno
1253 3871 1333 3958 xiij0.

478 4125 487 4157 ¹
505 4124 541 4173 Or
552 4120 748 4185 Helpringham,
763 4119 830 4168 MP.

478 4207 488 4238 ²
505 4207 559 4257 ΜΒ.
574 4220 683 4255 novovo.
717 4203 782 4252 This
793 4204 817 4251 ie
828 4216 844 4252 a
855 4202 983 4252 reference
995 4205 1022 4253 to
1032 4202 1093 4252 Roll
1103 4203 1128 4265 3,
1142 4217 1183 4252 see
1194 4203 1282 4254 above.

478 4288 489 4320 ³
505 4289 560 4338 The
571 4287 726 4348 concluding
737 4289 859 4334 sentence
876 4283 925 4332 hae
936 4283 1001 4333 been
1013 4283 1098 4334 added
1109 4284 1138 4333 in
1149 4283 1261 4335 another
1271 4284 1353 4336 hand.

477 4373 488 4404 ⁴
505 4372 552 4423 See
563 4369 707 4434 Appendix‚
720 4383 776 4418 nos.
791 4370 832 4429 11,
848 4369 887 4418 l'l.
