<?xml version="1.0" encoding="UTF-8"?>
<!DOCTYPE html PUBLIC "-//W3C//DTD XHTML 1.0 Transitional//EN"
    "http://www.w3.org/TR/xhtml1/DTD/xhtml1-transitional.dtd">
<html xmlns="http://www.w3.org/1999/xhtml" xml:lang="en" lang="en">
 <head>
  <title>
</title>
<meta http-equiv="Content-Type" content="text/html;charset=utf-8" />
  <meta name='ocr-system' content='tesseract 3.04.00' />
  <meta name='ocr-capabilities' content='ocr_page ocr_carea ocr_par ocr_line ocrx_word'/>
</head>
<body>
  <div class='ocr_page' id='page_1' title='image "./cambridgegildre00cunngoog_0146.png"; bbox 0 0 3170 5104; ppageno 0'>
   <div class='ocr_carea' id='block_1_1' title="bbox 483 412 1322 476">
    <p class='ocr_par' dir='ltr' id='par_1_1' title="bbox 483 412 1322 476">
     <span class='ocr_line' id='line_1_1' title="bbox 483 412 1322 476; baseline 0.006 -5"><span class='ocrx_word' id='word_1_1' title='bbox 483 422 567 471; x_wconf 79' lang='lat' dir='ltr'>oran</span> <span class='ocrx_word' id='word_1_2' title='bbox 589 423 633 471; x_wconf 86' lang='lat' dir='ltr'>or</span> <span class='ocrx_word' id='word_1_3' title='bbox 654 424 724 472; x_wconf 83' lang='lat' dir='ltr'>rur</span> <span class='ocrx_word' id='word_1_4' title='bbox 746 424 1002 474; x_wconf 79' lang='lat' dir='ltr'>ruarrroxrrou.</span> <span class='ocrx_word' id='word_1_5' title='bbox 1281 412 1322 476; x_wconf 88' lang='lat'>99</span> 
     </span>
    </p>
   </div>
   <div class='ocr_carea' id='block_1_2' title="bbox 161 582 1452 682">
    <p class='ocr_par' dir='ltr' id='par_1_2' title="bbox 161 582 1452 682">
     <span class='ocr_line' id='line_1_2' title="bbox 161 582 1452 682; baseline 0.004 -36"><span class='ocrx_word' id='word_1_6' title='bbox 161 583 263 647; x_wconf 87' lang='lat' dir='ltr'>fuerit</span> <span class='ocrx_word' id='word_1_7' title='bbox 292 582 456 669; x_wconf 81' lang='lat' dir='ltr'>suscipere</span> <span class='ocrx_word' id='word_1_8' title='bbox 487 583 636 661; x_wconf 89' lang='lat' dir='ltr'>noluerit,</span> <span class='ocrx_word' id='word_1_9' title='bbox 667 583 772 649; x_wconf 87' lang='lat' dir='ltr'>solvat</span> <span class='ocrx_word' id='word_1_10' title='bbox 801 585 966 649; x_wconf 87' lang='lat' dir='ltr'>communi</span> <span class='ocrx_word' id='word_1_11' title='bbox 998 585 1078 650; x_wconf 89' lang='lat' dir='ltr'>ciste</span> <span class='ocrx_word' id='word_1_12' title='bbox 1108 584 1196 651; x_wconf 84' lang='lat' dir='ltr'>dicte</span> <span class='ocrx_word' id='word_1_13' title='bbox 1227 586 1323 652; x_wconf 86' lang='lat' dir='ltr'>Gilde</span> <span class='ocrx_word' id='word_1_14' title='bbox 1337 591 1452 682; x_wconf 48' lang='lat' dir='ltr'>3922ss</span> 
     </span>
    </p>
   </div>
   <div class='ocr_carea' id='block_1_3' title="bbox 160 688 1480 784">
    <p class='ocr_par' dir='ltr' id='par_1_3' title="bbox 160 688 1480 784">
     <span class='ocr_line' id='line_1_3' title="bbox 160 688 1480 784; baseline 0.006 -32"><span class='ocrx_word' id='word_1_15' title='bbox 160 688 286 754; x_wconf 85' lang='lat' dir='ltr'>electus</span> <span class='ocrx_word' id='word_1_16' title='bbox 301 689 454 753; x_wconf 85' lang='lat' dir='ltr'>videlicet</span> <span class='ocrx_word' id='word_1_17' title='bbox 476 689 511 752; x_wconf 93' lang='lat' dir='ltr'>in</span> <span class='ocrx_word' id='word_1_18' title='bbox 534 689 731 775; x_wconf 78' lang='lat' dir='ltr'>Magistrum</span> <span class='ocrx_word' id='word_1_19' title='bbox 755 698 789 754; x_wconf 86' lang='lat' dir='ltr'>et</span> <span class='ocrx_word' id='word_1_20' title='bbox 813 690 1052 754; x_wconf 88' lang='lat' dir='ltr'>Aldermannos</span> <span class='ocrx_word' id='word_1_21' title='bbox 1074 712 1131 755; x_wconf 90' lang='lat' dir='ltr'>sex</span> <span class='ocrx_word' id='word_1_22' title='bbox 1153 691 1271 757; x_wconf 87' lang='lat' dir='ltr'>solidos</span> <span class='ocrx_word' id='word_1_23' title='bbox 1289 700 1324 756; x_wconf 87' lang='lat' dir='ltr'>et</span> <span class='ocrx_word' id='word_1_24' title='bbox 1337 689 1480 784; x_wconf 56' lang='lat' dir='ltr'>,Affingffi&#39;g</span> 
     </span>
    </p>
   </div>
   <div class='ocr_carea' id='block_1_4' title="bbox 159 782 1485 879">
    <p class='ocr_par' dir='ltr' id='par_1_4' title="bbox 159 782 1485 879">
     <span class='ocr_line' id='line_1_4' title="bbox 159 782 1485 879; baseline 0.005 -23"><span class='ocrx_word' id='word_1_25' title='bbox 159 801 234 856; x_wconf 89' lang='lat' dir='ltr'>octo</span> <span class='ocrx_word' id='word_1_26' title='bbox 250 792 406 869; x_wconf 86' lang='lat' dir='ltr'>denarios,</span> <span class='ocrx_word' id='word_1_27' title='bbox 417 802 451 857; x_wconf 92' lang='lat' dir='ltr'>et</span> <span class='ocrx_word' id='word_1_28' title='bbox 467 793 589 856; x_wconf 86' lang='lat' dir='ltr'>electus</span> <span class='ocrx_word' id='word_1_29' title='bbox 605 793 640 855; x_wconf 90' lang='lat' dir='ltr'>in</span> <span class='ocrx_word' id='word_1_30' title='bbox 656 791 820 859; x_wconf 84' lang='lat' dir='ltr'>Clericum</span> <span class='ocrx_word' id='word_1_31' title='bbox 836 801 870 857; x_wconf 88' lang='lat' dir='ltr'>et</span> <span class='ocrx_word' id='word_1_32' title='bbox 885 793 1106 879; x_wconf 78' lang='lat' dir='ltr'>apparitorem</span> <span class='ocrx_word' id='word_1_33' title='bbox 1122 802 1189 859; x_wconf 86' lang='lat' dir='ltr'>tres</span> <span class='ocrx_word' id='word_1_34' title='bbox 1204 794 1323 860; x_wconf 89' lang='lat' dir='ltr'>solidos</span> <span class='ocrx_word' id='word_1_35' title='bbox 1337 782 1485 870; x_wconf 48' lang='lat' dir='ltr'>&amp;lilim</span> 
     </span>
    </p>
   </div>
   <div class='ocr_carea' id='block_1_5' title="bbox 160 888 1438 982">
    <p class='ocr_par' dir='ltr' id='par_1_5' title="bbox 160 888 1438 982">
     <span class='ocr_line' id='line_1_5' title="bbox 160 888 1438 982; baseline 0.007 -24"><span class='ocrx_word' id='word_1_36' title='bbox 160 903 194 958; x_wconf 90' lang='lat' dir='ltr'>et</span> <span class='ocrx_word' id='word_1_37' title='bbox 230 905 373 981; x_wconf 89' lang='lat' dir='ltr'>quatuor</span> <span class='ocrx_word' id='word_1_38' title='bbox 407 895 564 972; x_wconf 87' lang='lat' dir='ltr'>denarios,</span> <span class='ocrx_word' id='word_1_39' title='bbox 594 903 629 960; x_wconf 90' lang='lat' dir='ltr'>et</span> <span class='ocrx_word' id='word_1_40' title='bbox 664 903 785 960; x_wconf 86' lang='lat' dir='ltr'>extunc</span> <span class='ocrx_word' id='word_1_41' title='bbox 818 895 898 960; x_wconf 89' lang='lat' dir='ltr'>alios</span> <span class='ocrx_word' id='word_1_42' title='bbox 929 895 969 958; x_wconf 88' lang='lat' dir='ltr'>ad</span> <span class='ocrx_word' id='word_1_43' title='bbox 1001 895 1189 982; x_wconf 88' lang='lat' dir='ltr'>hujusmodi</span> <span class='ocrx_word' id='word_1_44' title='bbox 1220 897 1324 962; x_wconf 87' lang='lat' dir='ltr'>officia</span> <span class='ocrx_word' id='word_1_45' title='bbox 1336 888 1438 966; x_wconf 52' lang='lat' dir='ltr'>gibid</span> 
     </span>
    </p>
   </div>
   <div class='ocr_carea' id='block_1_6' title="bbox 1337 973 1417 1014">
    <p class='ocr_par' dir='ltr' id='par_1_6' title="bbox 1337 973 1417 1014">
     <span class='ocr_line' id='line_1_6' title="bbox 1337 973 1417 1014; baseline -0.013 0"><span class='ocrx_word' id='word_1_46' title='bbox 1337 973 1417 1014; x_wconf 78' lang='lat' dir='ltr'>cbosm</span> 
     </span>
    </p>
   </div>
   <div class='ocr_carea' id='block_1_7' title="bbox 158 1000 1456 1110">
    <p class='ocr_par' dir='ltr' id='par_1_7' title="bbox 158 1000 1456 1110">
     <span class='ocr_line' id='line_1_7' title="bbox 158 1000 1456 1110; baseline 0.001 -46"><span class='ocrx_word' id='word_1_47' title='bbox 158 1001 286 1087; x_wconf 87' lang='lat' dir='ltr'>eligant</span> <span class='ocrx_word' id='word_1_48' title='bbox 309 1009 346 1065; x_wconf 93' lang='lat' dir='ltr'>ut</span> <span class='ocrx_word' id='word_1_49' title='bbox 367 1009 417 1065; x_wconf 90' lang='lat' dir='ltr'>est</span> <span class='ocrx_word' id='word_1_50' title='bbox 439 1000 572 1066; x_wconf 91' lang='lat' dir='ltr'>dictum.</span> <span class='ocrx_word' id='word_1_51' title='bbox 618 1001 747 1082; x_wconf 80' lang='lat' dir='ltr'><strong>Quibus</strong></span> <span class='ocrx_word' id='word_1_52' title='bbox 771 1001 932 1066; x_wconf 89' lang='lat' dir='ltr'>officiariis</span> <span class='ocrx_word' id='word_1_53' title='bbox 953 1003 998 1065; x_wconf 87' lang='lat' dir='ltr'>sic</span> <span class='ocrx_word' id='word_1_54' title='bbox 1021 1001 1132 1066; x_wconf 87' lang='lat' dir='ltr'>electis</span> <span class='ocrx_word' id='word_1_55' title='bbox 1154 1010 1189 1066; x_wconf 90' lang='lat' dir='ltr'>et</span> <span class='ocrx_word' id='word_1_56' title='bbox 1211 1021 1456 1110; x_wconf 58' lang='lat' dir='ltr'>eorumqqpprmqr1</span> 
     </span>
    </p>
   </div>
   <div class='ocr_carea' id='block_1_8' title="bbox 159 1099 1485 1204">
    <p class='ocr_par' dir='ltr' id='par_1_8' title="bbox 159 1099 1485 1204">
     <span class='ocr_line' id='line_1_8' title="bbox 159 1099 1485 1204; baseline 0 -34"><span class='ocrx_word' id='word_1_57' title='bbox 159 1107 267 1171; x_wconf 85' lang='lat' dir='ltr'>officia</span> <span class='ocrx_word' id='word_1_58' title='bbox 288 1105 538 1184; x_wconf 72' lang='lat' dir='ltr'>assumentibus</span> <span class='ocrx_word' id='word_1_59' title='bbox 562 1106 775 1170; x_wconf 87' lang='lat' dir='ltr'>Aldermanni</span> <span class='ocrx_word' id='word_1_60' title='bbox 795 1106 875 1170; x_wconf 89' lang='lat' dir='ltr'>anni</span> <span class='ocrx_word' id='word_1_61' title='bbox 893 1106 1042 1192; x_wconf 88' lang='lat' dir='ltr'>preteriti</span> <span class='ocrx_word' id='word_1_62' title='bbox 1064 1106 1104 1170; x_wconf 91' lang='lat' dir='ltr'>de</span> <span class='ocrx_word' id='word_1_63' title='bbox 1123 1106 1217 1171; x_wconf 86' lang='lat' dir='ltr'>bonis</span> <span class='ocrx_word' id='word_1_64' title='bbox 1237 1107 1322 1172; x_wconf 90' lang='lat' dir='ltr'>dicte</span> <span class='ocrx_word' id='word_1_65' title='bbox 1336 1099 1485 1204; x_wconf 38' lang='lat' dir='ltr'>mpige&#39;r,</span> 
     </span>
    </p>
   </div>
   <div class='ocr_carea' id='block_1_9' title="bbox 159 1209 1488 1300">
    <p class='ocr_par' dir='ltr' id='par_1_9' title="bbox 159 1209 1488 1300">
     <span class='ocr_line' id='line_1_9' title="bbox 159 1209 1488 1300; baseline 0.004 -25"><span class='ocrx_word' id='word_1_66' title='bbox 159 1211 259 1276; x_wconf 83' lang='lat' dir='ltr'>Gilda</span> <span class='ocrx_word' id='word_1_67' title='bbox 286 1211 321 1274; x_wconf 92' lang='lat' dir='ltr'>in</span> <span class='ocrx_word' id='word_1_68' title='bbox 348 1233 459 1275; x_wconf 88' lang='lat' dir='ltr'>eorum</span> <span class='ocrx_word' id='word_1_69' title='bbox 485 1210 637 1275; x_wconf 90' lang='lat' dir='ltr'>manibus</span> <span class='ocrx_word' id='word_1_70' title='bbox 661 1212 878 1275; x_wconf 72' lang='lat' dir='ltr'>existentibus</span> <span class='ocrx_word' id='word_1_71' title='bbox 901 1210 1032 1275; x_wconf 87' lang='lat' dir='ltr'>fidelem</span> <span class='ocrx_word' id='word_1_72' title='bbox 1059 1209 1198 1276; x_wconf 85' lang='lat' dir='ltr'>reddant</span> <span class='ocrx_word' id='word_1_73' title='bbox 1221 1212 1322 1276; x_wconf 89' lang='lat' dir='ltr'>eciam</span> <span class='ocrx_word' id='word_1_74' title='bbox 1337 1212 1488 1300; x_wconf 55' lang='lat' dir='ltr'>ffigg’ffiffl,</span> 
     </span>
    </p>
   </div>
   <div class='ocr_carea' id='block_1_10' title="bbox 158 1308 1489 1400">
    <p class='ocr_par' dir='ltr' id='par_1_10' title="bbox 158 1308 1489 1400">
     <span class='ocr_line' id='line_1_10' title="bbox 158 1308 1489 1400; baseline 0.002 -22"><span class='ocrx_word' id='word_1_75' title='bbox 158 1315 342 1400; x_wconf 84' lang='lat' dir='ltr'>plenariam</span> <span class='ocrx_word' id='word_1_76' title='bbox 366 1315 538 1394; x_wconf 84' lang='lat' dir='ltr'>racionem,</span> <span class='ocrx_word' id='word_1_77' title='bbox 560 1323 594 1379; x_wconf 87' lang='lat' dir='ltr'>et</span> <span class='ocrx_word' id='word_1_78' title='bbox 617 1315 728 1378; x_wconf 89' lang='lat' dir='ltr'>omnia</span> <span class='ocrx_word' id='word_1_79' title='bbox 750 1315 837 1380; x_wconf 91' lang='lat' dir='ltr'>bona</span> <span class='ocrx_word' id='word_1_80' title='bbox 859 1315 1005 1400; x_wconf 88' lang='lat' dir='ltr'>ejusdem</span> <span class='ocrx_word' id='word_1_81' title='bbox 1031 1314 1127 1379; x_wconf 74' lang='lat' dir='ltr'>(tilde</span> <span class='ocrx_word' id='word_1_82' title='bbox 1152 1315 1187 1386; x_wconf 86' lang='lat' dir='ltr'>in</span> <span class='ocrx_word' id='word_1_83' title='bbox 1211 1337 1322 1379; x_wconf 89' lang='lat' dir='ltr'>eorum</span> <span class='ocrx_word' id='word_1_84' title='bbox 1337 1308 1489 1395; x_wconf 52' lang='lat' dir='ltr'>lssefflvlgm</span> 
     </span>
    </p>
   </div>
   <div class='ocr_carea' id='block_1_11' title="bbox 159 1402 1482 1502">
    <p class='ocr_par' dir='ltr' id='par_1_11' title="bbox 159 1402 1482 1502">
     <span class='ocr_line' id='line_1_11' title="bbox 159 1402 1482 1502; baseline 0.002 -22"><span class='ocrx_word' id='word_1_85' title='bbox 159 1417 316 1483; x_wconf 89' lang='lat' dir='ltr'>manibus</span> <span class='ocrx_word' id='word_1_86' title='bbox 342 1417 521 1482; x_wconf 88' lang='lat' dir='ltr'>existencia</span> <span class='ocrx_word' id='word_1_87' title='bbox 547 1417 673 1502; x_wconf 83' lang='lat' dir='ltr'>integre</span> <span class='ocrx_word' id='word_1_88' title='bbox 701 1417 841 1482; x_wconf 87' lang='lat' dir='ltr'>liberent</span> <span class='ocrx_word' id='word_1_89' title='bbox 868 1416 1099 1482; x_wconf 88' lang='lat' dir='ltr'>Aldermannis</span> <span class='ocrx_word' id='word_1_90' title='bbox 1124 1417 1252 1482; x_wconf 89' lang='lat' dir='ltr'>noviter</span> <span class='ocrx_word' id='word_1_91' title='bbox 1277 1417 1323 1482; x_wconf 88' lang='lat' dir='ltr'>sio</span> <span class='ocrx_word' id='word_1_92' title='bbox 1337 1402 1482 1499; x_wconf 54' lang='lat' dir='ltr'>{flgffiffl</span> 
     </span>
    </p>
   </div>
   <div class='ocr_carea' id='block_1_12' title="bbox 158 1497 1455 1589">
    <p class='ocr_par' dir='ltr' id='par_1_12' title="bbox 158 1497 1455 1589">
     <span class='ocr_line' id='line_1_12' title="bbox 158 1497 1455 1589; baseline -0.001 -3"><span class='ocrx_word' id='word_1_93' title='bbox 158 1523 276 1589; x_wconf 86' lang='lat' dir='ltr'>electis</span> <span class='ocrx_word' id='word_1_94' title='bbox 1337 1497 1455 1586; x_wconf 52' lang='lat' dir='ltr'>datii</span> 
     </span>
    </p>
   </div>
   <div class='ocr_carea' id='block_1_13' title="bbox 227 1705 1488 1809">
    <p class='ocr_par' dir='ltr' id='par_1_13' title="bbox 227 1705 1488 1809">
     <span class='ocr_line' id='line_1_13' title="bbox 227 1705 1488 1809; baseline 0.013 -37"><span class='ocrx_word' id='word_1_95' title='bbox 227 1710 257 1772; x_wconf 85' lang='lat'>3.</span> <span class='ocrx_word' id='word_1_96' title='bbox 303 1705 524 1794; x_wconf 76' lang='lat' dir='ltr'>Defrotribrta</span> <span class='ocrx_word' id='word_1_97' title='bbox 538 1705 753 1773; x_wconf 79' lang='lat' dir='ltr'>admittendis.</span> <span class='ocrx_word' id='word_1_98' title='bbox 1337 1711 1488 1809; x_wconf 55' lang='lat' dir='ltr'>lsffiffll</span> 
     </span>
    </p>
   </div>
   <div class='ocr_carea' id='block_1_14' title="bbox 227 1833 1473 1932">
    <p class='ocr_par' dir='ltr' id='par_1_14' title="bbox 227 1833 1473 1932">
     <span class='ocr_line' id='line_1_14' title="bbox 227 1833 1473 1932; baseline 0.004 -34"><span class='ocrx_word' id='word_1_99' title='bbox 227 1835 317 1899; x_wconf 87' lang='lat' dir='ltr'>Item</span> <span class='ocrx_word' id='word_1_100' title='bbox 342 1836 518 1899; x_wconf 87' lang='lat' dir='ltr'>statuimus</span> <span class='ocrx_word' id='word_1_101' title='bbox 543 1844 577 1900; x_wconf 92' lang='lat' dir='ltr'>et</span> <span class='ocrx_word' id='word_1_102' title='bbox 601 1834 790 1899; x_wconf 86' lang='lat' dir='ltr'>ordinamus</span> <span class='ocrx_word' id='word_1_103' title='bbox 814 1835 900 1921; x_wconf 94' lang='lat' dir='ltr'>quod</span> <span class='ocrx_word' id='word_1_104' title='bbox 924 1834 1064 1921; x_wconf 90' lang='lat' dir='ltr'>quilibet</span> <span class='ocrx_word' id='word_1_105' title='bbox 1086 1835 1185 1900; x_wconf 85' lang='lat' dir='ltr'>frater</span> <span class='ocrx_word' id='word_1_106' title='bbox 1205 1833 1352 1931; x_wconf 65' lang='lat' dir='ltr'>admit-g</span> <span class='ocrx_word' id='word_1_107' title='bbox 1373 1843 1473 1932; x_wconf 41' lang='lat' dir='ltr'>Qun,</span> 
     </span>
    </p>
   </div>
   <div class='ocr_carea' id='block_1_15' title="bbox 159 1939 1473 2028">
    <p class='ocr_par' dir='ltr' id='par_1_15' title="bbox 159 1939 1473 2028">
     <span class='ocr_line' id='line_1_15' title="bbox 159 1939 1473 2028; baseline -0.001 -26"><span class='ocrx_word' id='word_1_108' title='bbox 159 1939 283 2004; x_wconf 87' lang='lat' dir='ltr'>tendus</span> <span class='ocrx_word' id='word_1_109' title='bbox 298 1961 356 2024; x_wconf 93' lang='lat' dir='ltr'>per</span> <span class='ocrx_word' id='word_1_110' title='bbox 371 1939 576 2025; x_wconf 80' lang='lat' dir='ltr'>Magistrum,</span> <span class='ocrx_word' id='word_1_111' title='bbox 596 1939 844 2019; x_wconf 88' lang='lat' dir='ltr'>Aldermannos,</span> <span class='ocrx_word' id='word_1_112' title='bbox 864 1940 1028 2006; x_wconf 81' lang='lat' dir='ltr'>Clericum</span> <span class='ocrx_word' id='word_1_113' title='bbox 1044 1947 1079 2004; x_wconf 87' lang='lat' dir='ltr'>et</span> <span class='ocrx_word' id='word_1_114' title='bbox 1093 1939 1323 2026; x_wconf 86' lang='lat' dir='ltr'>Apparitorem</span> <span class='ocrx_word' id='word_1_115' title='bbox 1337 1941 1441 2028; x_wconf 58' lang='lat' dir='ltr'>ffigl‘fsjgg</span> <span class='ocrx_word' id='word_1_116' title='bbox 1450 1939 1473 1979; x_wconf 81' lang='lat'>⁰¹</span> 
     </span>
    </p>
   </div>
   <div class='ocr_carea' id='block_1_16' title="bbox 159 2038 1478 2131">
    <p class='ocr_par' dir='ltr' id='par_1_16' title="bbox 159 2038 1478 2131">
     <span class='ocr_line' id='line_1_16' title="bbox 159 2038 1478 2131; baseline 0.002 -24"><span class='ocrx_word' id='word_1_117' title='bbox 159 2065 197 2107; x_wconf 92' lang='lat' dir='ltr'>ac</span> <span class='ocrx_word' id='word_1_118' title='bbox 221 2043 379 2129; x_wconf 90' lang='lat' dir='ltr'>majorem</span> <span class='ocrx_word' id='word_1_119' title='bbox 404 2051 531 2128; x_wconf 90' lang='lat' dir='ltr'>partem</span> <span class='ocrx_word' id='word_1_120' title='bbox 554 2044 691 2108; x_wconf 87' lang='lat' dir='ltr'>fratrum</span> <span class='ocrx_word' id='word_1_121' title='bbox 718 2053 799 2109; x_wconf 89' lang='lat' dir='ltr'>tunc</span> <span class='ocrx_word' id='word_1_122' title='bbox 821 2045 1024 2131; x_wconf 90' lang='lat' dir='ltr'>presencium</span> <span class='ocrx_word' id='word_1_123' title='bbox 1048 2044 1259 2108; x_wconf 86' lang='lat' dir='ltr'>admittatur:</span> <span class='ocrx_word' id='word_1_124' title='bbox 1283 2044 1322 2108; x_wconf 90' lang='lat' dir='ltr'>Iu</span> <span class='ocrx_word' id='word_1_125' title='bbox 1337 2038 1478 2123; x_wconf 51' lang='lat' dir='ltr'>mlh„</span> 
     </span>
    </p>
   </div>
   <div class='ocr_carea' id='block_1_17' title="bbox 160 2131 1456 2234">
    <p class='ocr_par' dir='ltr' id='par_1_17' title="bbox 160 2131 1456 2234">
     <span class='ocr_line' id='line_1_17' title="bbox 160 2131 1456 2234; baseline 0.007 -24"><span class='ocrx_word' id='word_1_126' title='bbox 160 2147 257 2232; x_wconf 90' lang='lat' dir='ltr'>cujus</span> <span class='ocrx_word' id='word_1_127' title='bbox 281 2146 476 2210; x_wconf 86' lang='lat' dir='ltr'>admissione</span> <span class='ocrx_word' id='word_1_128' title='bbox 498 2146 590 2232; x_wconf 87' lang='lat' dir='ltr'>juret</span> <span class='ocrx_word' id='word_1_129' title='bbox 616 2147 658 2212; x_wconf 86' lang='lat' dir='ltr'>ad</span> <span class='ocrx_word' id='word_1_130' title='bbox 688 2155 801 2212; x_wconf 89' lang='lat' dir='ltr'>sancta</span> <span class='ocrx_word' id='word_1_131' title='bbox 830 2148 894 2212; x_wconf 91' lang='lat' dir='ltr'>Dei</span> <span class='ocrx_word' id='word_1_132' title='bbox 925 2147 1105 2234; x_wconf 87' lang='lat' dir='ltr'>Evangelia</span> <span class='ocrx_word' id='word_1_133' title='bbox 1135 2155 1261 2213; x_wconf 87' lang='lat' dir='ltr'>statuta</span> <span class='ocrx_word' id='word_1_134' title='bbox 1290 2157 1324 2212; x_wconf 82' lang='lat' dir='ltr'>et</span> <span class='ocrx_word' id='word_1_135' title='bbox 1337 2131 1378 2226; x_wconf 63' lang='lat' dir='ltr'>ll?</span> <span class='ocrx_word' id='word_1_136' title='bbox 1392 2131 1456 2218; x_wconf 60' lang='lat' dir='ltr'>ridie</span> 
     </span>
    </p>
   </div>
   <div class='ocr_carea' id='block_1_18' title="bbox 160 2225 1478 2443">
    <p class='ocr_par' dir='ltr' id='par_1_18' title="bbox 160 2225 1478 2443">
     <span class='ocr_line' id='line_1_18' title="bbox 160 2225 1478 2340; baseline 0 -26"><span class='ocrx_word' id='word_1_137' title='bbox 160 2250 387 2314; x_wconf 87' lang='lat' dir='ltr'>ordinaciones</span> <span class='ocrx_word' id='word_1_138' title='bbox 403 2251 615 2316; x_wconf 89' lang='lat' dir='ltr'>racionabiles</span> <span class='ocrx_word' id='word_1_139' title='bbox 635 2251 723 2316; x_wconf 86' lang='lat' dir='ltr'>dicte</span> <span class='ocrx_word' id='word_1_140' title='bbox 745 2252 841 2318; x_wconf 87' lang='lat' dir='ltr'>Gilde</span> <span class='ocrx_word' id='word_1_141' title='bbox 861 2255 970 2320; x_wconf 89' lang='lat' dir='ltr'>fovere</span> <span class='ocrx_word' id='word_1_142' title='bbox 992 2263 1026 2318; x_wconf 89' lang='lat' dir='ltr'>et</span> <span class='ocrx_word' id='word_1_143' title='bbox 1046 2263 1157 2318; x_wconf 85' lang='lat' dir='ltr'>tenere</span> <span class='ocrx_word' id='word_1_144' title='bbox 1173 2262 1207 2320; x_wconf 88' lang='lat' dir='ltr'>et</span> <span class='ocrx_word' id='word_1_145' title='bbox 1222 2254 1324 2340; x_wconf 86' lang='lat' dir='ltr'>ipsius</span> <span class='ocrx_word' id='word_1_146' title='bbox 1337 2225 1478 2314; x_wconf 45' lang='lat' dir='ltr'>bittit?</span> 
     </span>
     <span class='ocr_line' id='line_1_19' title="bbox 160 2353 1323 2443; baseline 0.002 -25"><span class='ocrx_word' id='word_1_147' title='bbox 160 2363 288 2419; x_wconf 89' lang='lat' dir='ltr'>secreta</span> <span class='ocrx_word' id='word_1_148' title='bbox 312 2353 403 2417; x_wconf 88' lang='lat' dir='ltr'>licita</span> <span class='ocrx_word' id='word_1_149' title='bbox 414 2354 539 2418; x_wconf 72' lang='lat' dir='ltr'>-·celare.</span> <span class='ocrx_word' id='word_1_150' title='bbox 585 2354 712 2434; x_wconf 81' lang='lat' dir='ltr'>Quibus</span> <span class='ocrx_word' id='word_1_151' title='bbox 738 2356 887 2441; x_wconf 87' lang='lat' dir='ltr'>peractis,</span> <span class='ocrx_word' id='word_1_152' title='bbox 913 2357 992 2422; x_wconf 87' lang='lat' dir='ltr'>dicti</span> <span class='ocrx_word' id='word_1_153' title='bbox 1019 2357 1184 2443; x_wconf 87' lang='lat' dir='ltr'>Magister,</span> <span class='ocrx_word' id='word_1_154' title='bbox 1209 2356 1323 2422; x_wconf 85' lang='lat' dir='ltr'>Alder-</span> 
     </span>
    </p>
   </div>
   <div class='ocr_carea' id='block_1_19' title="bbox 160 2458 1322 2548">
    <p class='ocr_par' dir='ltr' id='par_1_19' title="bbox 160 2458 1322 2548">
     <span class='ocr_line' id='line_1_20' title="bbox 160 2458 1322 2548; baseline 0.002 -26"><span class='ocrx_word' id='word_1_155' title='bbox 160 2458 286 2536; x_wconf 88' lang='lat' dir='ltr'>manni,</span> <span class='ocrx_word' id='word_1_156' title='bbox 308 2459 443 2522; x_wconf 88' lang='lat' dir='ltr'>clericus</span> <span class='ocrx_word' id='word_1_157' title='bbox 466 2467 499 2522; x_wconf 90' lang='lat' dir='ltr'>et</span> <span class='ocrx_word' id='word_1_158' title='bbox 521 2458 687 2544; x_wconf 88' lang='lat' dir='ltr'>apparitor</span> <span class='ocrx_word' id='word_1_159' title='bbox 709 2467 741 2524; x_wconf 85' lang='lat' dir='ltr'>et</span> <span class='ocrx_word' id='word_1_160' title='bbox 765 2460 822 2524; x_wconf 92' lang='lat' dir='ltr'>alii</span> <span class='ocrx_word' id='word_1_161' title='bbox 840 2461 979 2546; x_wconf 89' lang='lat' dir='ltr'>predicti</span> <span class='ocrx_word' id='word_1_162' title='bbox 1004 2461 1111 2548; x_wconf 91' lang='lat' dir='ltr'>ipsum</span> <span class='ocrx_word' id='word_1_163' title='bbox 1133 2461 1167 2526; x_wconf 94' lang='lat' dir='ltr'>in</span> <span class='ocrx_word' id='word_1_164' title='bbox 1189 2463 1322 2526; x_wconf 89' lang='lat' dir='ltr'>fratrem</span> 
     </span>
    </p>
   </div>
   <div class='ocr_carea' id='block_1_20' title="bbox 161 2561 1479 2653">
    <p class='ocr_par' dir='ltr' id='par_1_20' title="bbox 161 2561 1479 2653">
     <span class='ocr_line' id='line_1_21' title="bbox 161 2561 1479 2653; baseline -0.001 -26"><span class='ocrx_word' id='word_1_165' title='bbox 161 2563 250 2627; x_wconf 92' lang='lat' dir='ltr'>dicte</span> <span class='ocrx_word' id='word_1_166' title='bbox 266 2561 364 2627; x_wconf 82' lang='lat' dir='ltr'>Gilda</span> <span class='ocrx_word' id='word_1_167' title='bbox 379 2562 577 2642; x_wconf 80' lang='lat' dir='ltr'>admittaut3</span> <span class='ocrx_word' id='word_1_168' title='bbox 601 2571 635 2626; x_wconf 89' lang='lat' dir='ltr'>et</span> <span class='ocrx_word' id='word_1_169' title='bbox 656 2563 763 2627; x_wconf 91' lang='lat' dir='ltr'>solvat</span> <span class='ocrx_word' id='word_1_170' title='bbox 783 2563 924 2648; x_wconf 85' lang='lat' dir='ltr'>quilibet</span> <span class='ocrx_word' id='word_1_171' title='bbox 943 2564 989 2628; x_wconf 88' lang='lat' dir='ltr'>sic</span> <span class='ocrx_word' id='word_1_172' title='bbox 1008 2564 1167 2629; x_wconf 84' lang='lat' dir='ltr'>admissus</span> <span class='ocrx_word' id='word_1_173' title='bbox 1188 2565 1324 2653; x_wconf 88' lang='lat' dir='ltr'>singulis</span> <span class='ocrx_word' id='word_1_174' title='bbox 1338 2576 1479 2627; x_wconf 71' lang='lat' dir='ltr'>Parmentof</span> 
     </span>
    </p>
   </div>
   <div class='ocr_carea' id='block_1_21' title="bbox 162 2628 1449 2752">
    <p class='ocr_par' dir='ltr' id='par_1_21' title="bbox 162 2628 1449 2752">
     <span class='ocr_line' id='line_1_22' title="bbox 162 2628 1449 2752; baseline -0.004 -22"><span class='ocrx_word' id='word_1_175' title='bbox 162 2667 259 2730; x_wconf 90' lang='lat' dir='ltr'>aunis</span> <span class='ocrx_word' id='word_1_176' title='bbox 282 2675 403 2730; x_wconf 85' lang='lat' dir='ltr'>extunc</span> <span class='ocrx_word' id='word_1_177' title='bbox 425 2665 506 2730; x_wconf 91' lang='lat' dir='ltr'>duos</span> <span class='ocrx_word' id='word_1_178' title='bbox 529 2667 646 2730; x_wconf 88' lang='lat' dir='ltr'>solidos</span> <span class='ocrx_word' id='word_1_179' title='bbox 669 2666 710 2730; x_wconf 90' lang='lat' dir='ltr'>ad</span> <span class='ocrx_word' id='word_1_180' title='bbox 734 2676 875 2752; x_wconf 89' lang='lat' dir='ltr'>quatuor</span> <span class='ocrx_word' id='word_1_181' title='bbox 896 2667 975 2732; x_wconf 88' lang='lat' dir='ltr'>anni</span> <span class='ocrx_word' id='word_1_182' title='bbox 997 2669 1154 2732; x_wconf 87' lang='lat' dir='ltr'>terminos</span> <span class='ocrx_word' id='word_1_183' title='bbox 1173 2669 1325 2734; x_wconf 88' lang='lat' dir='ltr'>videlicet</span> <span class='ocrx_word' id='word_1_184' title='bbox 1338 2628 1449 2675; x_wconf 67' lang='lat' dir='ltr'>sarar</span> 
     </span>
    </p>
   </div>
   <div class='ocr_carea' id='block_1_22' title="bbox 162 2769 1420 2958">
    <p class='ocr_par' dir='ltr' id='par_1_22' title="bbox 162 2769 1420 2958">
     <span class='ocr_line' id='line_1_23' title="bbox 162 2769 1325 2857; baseline 0.002 -23"><span class='ocrx_word' id='word_1_185' title='bbox 162 2771 206 2834; x_wconf 93' lang='lat' dir='ltr'>ad</span> <span class='ocrx_word' id='word_1_186' title='bbox 229 2771 313 2834; x_wconf 90' lang='lat' dir='ltr'>festa</span> <span class='ocrx_word' id='word_1_187' title='bbox 335 2769 467 2846; x_wconf 83' lang='lat' dir='ltr'>Pascha,</span> <span class='ocrx_word' id='word_1_188' title='bbox 495 2770 692 2834; x_wconf 78' lang='lat' dir='ltr'>Natiuitatis</span> <span class='ocrx_word' id='word_1_189' title='bbox 714 2770 818 2834; x_wconf 89' lang='lat' dir='ltr'>sancti</span> <span class='ocrx_word' id='word_1_190' title='bbox 840 2770 1004 2835; x_wconf 86' lang='lat' dir='ltr'>Johannis</span> <span class='ocrx_word' id='word_1_191' title='bbox 1028 2772 1188 2857; x_wconf 77' lang='lat' dir='ltr'>Baptista,</span> <span class='ocrx_word' id='word_1_192' title='bbox 1211 2772 1325 2838; x_wconf 88' lang='lat' dir='ltr'>Sancti</span> 
     </span>
     <span class='ocr_line' id='line_1_24' title="bbox 164 2872 1420 2958; baseline 0 -22"><span class='ocrx_word' id='word_1_193' title='bbox 164 2872 336 2936; x_wconf 89' lang='lat' dir='ltr'>Michaelis</span> <span class='ocrx_word' id='word_1_194' title='bbox 360 2882 394 2935; x_wconf 90' lang='lat' dir='ltr'>et</span> <span class='ocrx_word' id='word_1_195' title='bbox 421 2873 551 2936; x_wconf 88' lang='lat' dir='ltr'>Natalis</span> <span class='ocrx_word' id='word_1_196' title='bbox 578 2872 713 2936; x_wconf 90' lang='lat' dir='ltr'>Domini</span> <span class='ocrx_word' id='word_1_197' title='bbox 740 2873 832 2958; x_wconf 88' lang='lat' dir='ltr'>equis</span> <span class='ocrx_word' id='word_1_198' title='bbox 860 2872 1065 2958; x_wconf 87' lang='lat' dir='ltr'>porcionibus</span> <span class='ocrx_word' id='word_1_199' title='bbox 1089 2873 1131 2938; x_wconf 85' lang='lat' dir='ltr'>ad</span> <span class='ocrx_word' id='word_1_200' title='bbox 1153 2875 1324 2939; x_wconf 88' lang='lat' dir='ltr'>servicium</span> <span class='ocrx_word' id='word_1_201' title='bbox 1339 2896 1420 2937; x_wconf 71' lang='lat' dir='ltr'>torua</span> 
     </span>
    </p>
   </div>
   <div class='ocr_carea' id='block_1_23' title="bbox 162 2943 1455 3080">
    <p class='ocr_par' dir='ltr' id='par_1_23' title="bbox 162 2943 1455 3080">
     <span class='ocr_line' id='line_1_25' title="bbox 162 2943 1455 3080; baseline -0.001 -38"><span class='ocrx_word' id='word_1_202' title='bbox 162 2976 333 3062; x_wconf 89' lang='lat' dir='ltr'>capellani,</span> <span class='ocrx_word' id='word_1_203' title='bbox 360 2975 636 3040; x_wconf 73' lang='lat' dir='ltr'>sustentationem</span> <span class='ocrx_word' id='word_1_204' title='bbox 663 2976 796 3041; x_wconf 88' lang='lat' dir='ltr'>luminis</span> <span class='ocrx_word' id='word_1_205' title='bbox 823 2985 857 3042; x_wconf 91' lang='lat' dir='ltr'>et</span> <span class='ocrx_word' id='word_1_206' title='bbox 879 2977 1164 3063; x_wconf 89' lang='lat' dir='ltr'>supportacionem</span> <span class='ocrx_word' id='word_1_207' title='bbox 1187 2979 1323 3043; x_wconf 88' lang='lat' dir='ltr'>aliorum</span> <span class='ocrx_word' id='word_1_208' title='bbox 1338 2943 1455 3080; x_wconf 50' lang='lat' dir='ltr'>{hplffi</span> 
     </span>
    </p>
   </div>
   <div class='ocr_carea' id='block_1_24' title="bbox 163 3079 1453 3175">
    <p class='ocr_par' dir='ltr' id='par_1_24' title="bbox 163 3079 1453 3175">
     <span class='ocr_line' id='line_1_26' title="bbox 163 3079 1453 3175; baseline 0.004 -30"><span class='ocrx_word' id='word_1_209' title='bbox 163 3101 300 3145; x_wconf 89' lang='lat' dir='ltr'>onerum</span> <span class='ocrx_word' id='word_1_210' title='bbox 332 3079 418 3144; x_wconf 87' lang='lat' dir='ltr'>dicte</span> <span class='ocrx_word' id='word_1_211' title='bbox 445 3079 558 3144; x_wconf 83' lang='lat' dir='ltr'>Gilda:</span> <span class='ocrx_word' id='word_1_212' title='bbox 597 3080 650 3144; x_wconf 89' lang='lat' dir='ltr'>Ita</span> <span class='ocrx_word' id='word_1_213' title='bbox 678 3087 788 3144; x_wconf 87' lang='lat' dir='ltr'>tamen</span> <span class='ocrx_word' id='word_1_214' title='bbox 820 3080 907 3166; x_wconf 93' lang='lat' dir='ltr'>quod</span> <span class='ocrx_word' id='word_1_215' title='bbox 937 3080 1072 3146; x_wconf 89' lang='lat' dir='ltr'>clericus</span> <span class='ocrx_word' id='word_1_216' title='bbox 1102 3089 1136 3146; x_wconf 90' lang='lat' dir='ltr'>et</span> <span class='ocrx_word' id='word_1_217' title='bbox 1161 3081 1325 3167; x_wconf 88' lang='lat' dir='ltr'>apparitor</span> <span class='ocrx_word' id='word_1_218' title='bbox 1338 3087 1453 3175; x_wconf 56' lang='lat' dir='ltr'>ffiffirk</span> 
     </span>
    </p>
   </div>
   <div class='ocr_carea' id='block_1_25' title="bbox 163 3181 1490 3276">
    <p class='ocr_par' dir='ltr' id='par_1_25' title="bbox 163 3181 1490 3276">
     <span class='ocr_line' id='line_1_27' title="bbox 163 3181 1490 3276; baseline -0.003 -27"><span class='ocrx_word' id='word_1_219' title='bbox 163 3184 304 3270; x_wconf 87' lang='lat' dir='ltr'>predicti</span> <span class='ocrx_word' id='word_1_220' title='bbox 330 3184 388 3268; x_wconf 90' lang='lat' dir='ltr'>qui</span> <span class='ocrx_word' id='word_1_221' title='bbox 414 3204 472 3268; x_wconf 91' lang='lat' dir='ltr'>pro</span> <span class='ocrx_word' id='word_1_222' title='bbox 499 3191 646 3269; x_wconf 88' lang='lat' dir='ltr'>tempore</span> <span class='ocrx_word' id='word_1_223' title='bbox 673 3184 796 3249; x_wconf 88' lang='lat' dir='ltr'>fuerint</span> <span class='ocrx_word' id='word_1_224' title='bbox 824 3207 884 3276; x_wconf 91' lang='lat' dir='ltr'>per</span> <span class='ocrx_word' id='word_1_225' title='bbox 910 3193 1019 3250; x_wconf 90' lang='lat' dir='ltr'>totum</span> <span class='ocrx_word' id='word_1_226' title='bbox 1046 3194 1177 3271; x_wconf 91' lang='lat' dir='ltr'>tempus</span> <span class='ocrx_word' id='word_1_227' title='bbox 1203 3208 1268 3272; x_wconf 93' lang='lat' dir='ltr'>quo</span> <span class='ocrx_word' id='word_1_228' title='bbox 1291 3186 1325 3249; x_wconf 91' lang='lat' dir='ltr'>in</span> <span class='ocrx_word' id='word_1_229' title='bbox 1338 3181 1490 3270; x_wconf 46' lang='lat' dir='ltr'>gssssffiffi‘·</span> 
     </span>
    </p>
   </div>
   <div class='ocr_carea' id='block_1_26' title="bbox 164 3278 1470 3375">
    <p class='ocr_par' dir='ltr' id='par_1_26' title="bbox 164 3278 1470 3375">
     <span class='ocr_line' id='line_1_28' title="bbox 164 3278 1470 3375; baseline 0 -21"><span class='ocrx_word' id='word_1_230' title='bbox 164 3311 276 3354; x_wconf 87' lang='lat' dir='ltr'>eourm</span> <span class='ocrx_word' id='word_1_231' title='bbox 297 3289 534 3375; x_wconf 86' lang='lat' dir='ltr'>permanserint</span> <span class='ocrx_word' id='word_1_232' title='bbox 550 3287 672 3368; x_wconf 87' lang='lat' dir='ltr'>officiis,</span> <span class='ocrx_word' id='word_1_233' title='bbox 687 3312 708 3353; x_wconf 83' lang='lat' dir='ltr'>a</span> <span class='ocrx_word' id='word_1_234' title='bbox 722 3289 884 3354; x_wconf 88' lang='lat' dir='ltr'>solucione</span> <span class='ocrx_word' id='word_1_235' title='bbox 900 3289 1059 3354; x_wconf 91' lang='lat' dir='ltr'>dictorum</span> <span class='ocrx_word' id='word_1_236' title='bbox 1076 3291 1214 3355; x_wconf 90' lang='lat' dir='ltr'>duorum</span> <span class='ocrx_word' id='word_1_237' title='bbox 1230 3291 1325 3355; x_wconf 90' lang='lat' dir='ltr'>solid·</span> <span class='ocrx_word' id='word_1_238' title='bbox 1339 3278 1470 3366; x_wconf 56' lang='lat' dir='ltr'>l&#39;ssffia</span> 
     </span>
    </p>
   </div>
   <div class='ocr_carea' id='block_1_27' title="bbox 163 3373 1476 3604">
    <p class='ocr_par' dir='ltr' id='par_1_27' title="bbox 163 3373 1476 3604">
     <span class='ocr_line' id='line_1_29' title="bbox 164 3373 1476 3480; baseline 0.003 -23"><span class='ocrx_word' id='word_1_239' title='bbox 164 3416 258 3465; x_wconf 89' lang='lat' dir='ltr'>orum</span> <span class='ocrx_word' id='word_1_240' title='bbox 279 3415 337 3478; x_wconf 94' lang='lat' dir='ltr'>per</span> <span class='ocrx_word' id='word_1_241' title='bbox 357 3415 480 3456; x_wconf 90' lang='lat' dir='ltr'>annum</span> <span class='ocrx_word' id='word_1_242' title='bbox 499 3393 533 3457; x_wconf 93' lang='lat' dir='ltr'>in</span> <span class='ocrx_word' id='word_1_243' title='bbox 554 3392 890 3478; x_wconf 88' lang='lat' dir='ltr'>recompensacionem</span> <span class='ocrx_word' id='word_1_244' title='bbox 909 3393 1027 3458; x_wconf 91' lang='lat' dir='ltr'>laboris</span> <span class='ocrx_word' id='word_1_245' title='bbox 1048 3395 1098 3458; x_wconf 87' lang='lat' dir='ltr'>sui</span> <span class='ocrx_word' id='word_1_246' title='bbox 1119 3394 1185 3460; x_wconf 89' lang='lat' dir='ltr'>sint</span> <span class='ocrx_word' id='word_1_247' title='bbox 1201 3395 1323 3480; x_wconf 90' lang='lat' dir='ltr'>quieti:</span> <span class='ocrx_word' id='word_1_248' title='bbox 1339 3373 1476 3462; x_wconf 46' lang='lat' dir='ltr'>&amp;illiniin</span> 
     </span>
     <span class='ocr_line' id='line_1_30' title="bbox 163 3469 1472 3604; baseline 0 -41"><span class='ocrx_word' id='word_1_249' title='bbox 163 3509 199 3564; x_wconf 91' lang='lat' dir='ltr'>et</span> <span class='ocrx_word' id='word_1_250' title='bbox 220 3499 453 3563; x_wconf 90' lang='lat' dir='ltr'>nichilominus</span> <span class='ocrx_word' id='word_1_251' title='bbox 472 3499 633 3584; x_wconf 89' lang='lat' dir='ltr'>percipiat</span> <span class='ocrx_word' id='word_1_252' title='bbox 655 3507 688 3562; x_wconf 90' lang='lat' dir='ltr'>et</span> <span class='ocrx_word' id='word_1_253' title='bbox 709 3499 831 3562; x_wconf 88' lang='lat' dir='ltr'>habeat</span> <span class='ocrx_word' id='word_1_254' title='bbox 852 3498 959 3562; x_wconf 87' lang='lat' dir='ltr'>dictus</span> <span class='ocrx_word' id='word_1_255' title='bbox 974 3498 1109 3563; x_wconf 88' lang='lat' dir='ltr'>clericus</span> <span class='ocrx_word' id='word_1_256' title='bbox 1125 3499 1165 3564; x_wconf 90' lang='lat' dir='ltr'>de</span> <span class='ocrx_word' id='word_1_257' title='bbox 1181 3500 1326 3586; x_wconf 81' lang='lat' dir='ltr'>quolibet</span> <span class='ocrx_word' id='word_1_258' title='bbox 1340 3469 1472 3604; x_wconf 50' lang='lat' dir='ltr'>Q„</span> 
     </span>
    </p>
   </div>
   <div class='ocr_carea' id='block_1_28' title="bbox 164 3601 1491 3700">
    <p class='ocr_par' dir='ltr' id='par_1_28' title="bbox 164 3601 1491 3700">
     <span class='ocr_line' id='line_1_31' title="bbox 164 3601 1491 3700; baseline -0.001 -34"><span class='ocrx_word' id='word_1_259' title='bbox 164 3605 266 3668; x_wconf 88' lang='lat' dir='ltr'>fratre</span> <span class='ocrx_word' id='word_1_260' title='bbox 281 3601 488 3668; x_wconf 83' lang='lat' dir='ltr'>admittendo</span> <span class='ocrx_word' id='word_1_261' title='bbox 503 3602 604 3666; x_wconf 86' lang='lat' dir='ltr'>semel</span> <span class='ocrx_word' id='word_1_262' title='bbox 615 3602 791 3667; x_wconf 86' lang='lat' dir='ltr'>dumtaxat</span> <span class='ocrx_word' id='word_1_263' title='bbox 803 3603 837 3666; x_wconf 93' lang='lat' dir='ltr'>in</span> <span class='ocrx_word' id='word_1_264' title='bbox 849 3625 907 3667; x_wconf 89' lang='lat' dir='ltr'>suo</span> <span class='ocrx_word' id='word_1_265' title='bbox 919 3603 1066 3688; x_wconf 85' lang='lat' dir='ltr'>ingressu</span> <span class='ocrx_word' id='word_1_266' title='bbox 1077 3603 1158 3667; x_wconf 89' lang='lat' dir='ltr'>duos</span> <span class='ocrx_word' id='word_1_267' title='bbox 1170 3603 1326 3682; x_wconf 91' lang='lat' dir='ltr'>denarios,</span> <span class='ocrx_word' id='word_1_268' title='bbox 1339 3611 1491 3700; x_wconf 54' lang='lat' dir='ltr'>ffi&#39;ffl0</span> 
     </span>
    </p>
   </div>
   <div class='ocr_carea' id='block_1_29' title="bbox 165 3696 1491 3795">
    <p class='ocr_par' dir='ltr' id='par_1_29' title="bbox 165 3696 1491 3795">
     <span class='ocr_line' id='line_1_32' title="bbox 165 3696 1491 3795; baseline -0.003 -23"><span class='ocrx_word' id='word_1_269' title='bbox 165 3715 199 3772; x_wconf 88' lang='lat' dir='ltr'>et</span> <span class='ocrx_word' id='word_1_270' title='bbox 222 3707 390 3793; x_wconf 88' lang='lat' dir='ltr'>apparitor</span> <span class='ocrx_word' id='word_1_271' title='bbox 414 3728 518 3771; x_wconf 92' lang='lat' dir='ltr'>unum</span> <span class='ocrx_word' id='word_1_272' title='bbox 542 3696 723 3771; x_wconf 88' lang='lat' dir='ltr'>denarium.</span> <span class='ocrx_word' id='word_1_273' title='bbox 769 3705 863 3770; x_wconf 86' lang='lat' dir='ltr'>Etsi</span> <span class='ocrx_word' id='word_1_274' title='bbox 890 3707 948 3792; x_wconf 92' lang='lat' dir='ltr'>qui</span> <span class='ocrx_word' id='word_1_275' title='bbox 978 3708 1117 3772; x_wconf 86' lang='lat' dir='ltr'>fratrum</span> <span class='ocrx_word' id='word_1_276' title='bbox 1141 3715 1324 3773; x_wconf 91' lang='lat' dir='ltr'>nostrorum</span> <span class='ocrx_word' id='word_1_277' title='bbox 1339 3707 1491 3795; x_wconf 55' lang='grc' dir='ltr'>ξξζξξξῖὓθῑ</span> 
     </span>
    </p>
   </div>
   <div class='ocr_carea' id='block_1_30' title="bbox 165 3801 1465 3902">
    <p class='ocr_par' dir='ltr' id='par_1_30' title="bbox 165 3801 1465 3902">
     <span class='ocr_line' id='line_1_33' title="bbox 165 3801 1465 3902; baseline -0.001 -27"><span class='ocrx_word' id='word_1_278' title='bbox 165 3809 332 3875; x_wconf 88' lang='lat' dir='ltr'>voluerint</span> <span class='ocrx_word' id='word_1_279' title='bbox 347 3831 388 3874; x_wconf 91' lang='lat' dir='ltr'>ex</span> <span class='ocrx_word' id='word_1_280' title='bbox 403 3809 517 3902; x_wconf 27' lang='lat' dir='ltr'>aliqua·</span> <span class='ocrx_word' id='word_1_281' title='bbox 531 3831 629 3873; x_wconf 87' lang='lat' dir='ltr'>causa</span> <span class='ocrx_word' id='word_1_282' title='bbox 648 3808 839 3873; x_wconf 86' lang='lat' dir='ltr'>racionabili</span> <span class='ocrx_word' id='word_1_283' title='bbox 859 3818 893 3874; x_wconf 91' lang='lat' dir='ltr'>et</span> <span class='ocrx_word' id='word_1_284' title='bbox 909 3809 1055 3874; x_wconf 87' lang='lat' dir='ltr'>evidenti</span> <span class='ocrx_word' id='word_1_285' title='bbox 1071 3810 1113 3875; x_wconf 91' lang='lat' dir='ltr'>ab</span> <span class='ocrx_word' id='word_1_286' title='bbox 1128 3832 1224 3875; x_wconf 88' lang='lat' dir='ltr'>onere</span> <span class='ocrx_word' id='word_1_287' title='bbox 1239 3811 1326 3875; x_wconf 91' lang='lat' dir='ltr'>dicte</span> <span class='ocrx_word' id='word_1_288' title='bbox 1339 3801 1465 3890; x_wconf 55' lang='lat' dir='ltr'>{ffffissdr</span> 
     </span>
    </p>
   </div>
   <div class='ocr_carea' id='block_1_31' title="bbox 165 3896 1489 4000">
    <p class='ocr_par' dir='ltr' id='par_1_31' title="bbox 165 3896 1489 4000">
     <span class='ocr_line' id='line_1_34' title="bbox 165 3896 1489 4000; baseline 0.005 -20"><span class='ocrx_word' id='word_1_289' title='bbox 165 3914 382 3980; x_wconf 87' lang='lat' dir='ltr'>fraternitatis</span> <span class='ocrx_word' id='word_1_290' title='bbox 405 3914 581 3993; x_wconf 88' lang='lat' dir='ltr'>exonerari,</span> <span class='ocrx_word' id='word_1_291' title='bbox 609 3913 744 3982; x_wconf 88' lang='lat' dir='ltr'>veniant</span> <span class='ocrx_word' id='word_1_292' title='bbox 768 3935 875 3978; x_wconf 90' lang='lat' dir='ltr'>coram</span> <span class='ocrx_word' id='word_1_293' title='bbox 899 3914 1065 4000; x_wconf 88' lang='lat' dir='ltr'>Magistro,</span> <span class='ocrx_word' id='word_1_294' title='bbox 1087 3915 1326 3994; x_wconf 90' lang='lat' dir='ltr'>Aldermannis‚</span> <span class='ocrx_word' id='word_1_295' title='bbox 1339 3896 1489 3986; x_wconf 49' lang='lat' dir='ltr'>qma.</span> 
     </span>
    </p>
   </div>
   <div class='ocr_carea' id='block_1_32' title="bbox 165 3993 1463 4129">
    <p class='ocr_par' dir='ltr' id='par_1_32' title="bbox 165 3993 1463 4129">
     <span class='ocr_line' id='line_1_35' title="bbox 165 3993 1463 4129; baseline 0 -45"><span class='ocrx_word' id='word_1_296' title='bbox 165 4019 290 4095; x_wconf 85' lang='lat' dir='ltr'>clerice,</span> <span class='ocrx_word' id='word_1_297' title='bbox 306 4018 491 4104; x_wconf 88' lang='lat' dir='ltr'>apparitore</span> <span class='ocrx_word' id='word_1_298' title='bbox 507 4026 541 4082; x_wconf 91' lang='lat' dir='ltr'>et</span> <span class='ocrx_word' id='word_1_299' title='bbox 557 4018 630 4082; x_wconf 89' lang='lat' dir='ltr'>aliis</span> <span class='ocrx_word' id='word_1_300' title='bbox 645 4017 809 4095; x_wconf 87' lang='lat' dir='ltr'>fratribus,</span> <span class='ocrx_word' id='word_1_301' title='bbox 820 4026 853 4082; x_wconf 89' lang='lat' dir='ltr'>et</span> <span class='ocrx_word' id='word_1_302' title='bbox 867 4039 997 4082; x_wconf 89' lang='lat' dir='ltr'>causam</span> <span class='ocrx_word' id='word_1_303' title='bbox 1014 4041 1071 4084; x_wconf 90' lang='lat' dir='ltr'>sue</span> <span class='ocrx_word' id='word_1_304' title='bbox 1086 4020 1327 4085; x_wconf 86' lang='lat' dir='ltr'>exoneracionis</span> <span class='ocrx_word' id='word_1_305' title='bbox 1339 3993 1463 4129; x_wconf 46' lang='grc' dir='ltr'>ἓξὲξ</span> 
     </span>
    </p>
   </div>
   <div class='ocr_carea' id='block_1_33' title="bbox 166 4120 1476 4231">
    <p class='ocr_par' dir='ltr' id='par_1_33' title="bbox 166 4120 1476 4231">
     <span class='ocr_line' id='line_1_36' title="bbox 166 4120 1476 4231; baseline 0 -44"><span class='ocrx_word' id='word_1_306' title='bbox 166 4123 319 4209; x_wconf 87' lang='lat' dir='ltr'>allegent,</span> <span class='ocrx_word' id='word_1_307' title='bbox 335 4132 370 4186; x_wconf 90' lang='lat' dir='ltr'>et</span> <span class='ocrx_word' id='word_1_308' title='bbox 388 4129 505 4207; x_wconf 88' lang='lat' dir='ltr'>petant</span> <span class='ocrx_word' id='word_1_309' title='bbox 526 4144 601 4185; x_wconf 93' lang='lat' dir='ltr'>cum</span> <span class='ocrx_word' id='word_1_310' title='bbox 623 4120 811 4186; x_wconf 88' lang='lat' dir='ltr'>humilitate</span> <span class='ocrx_word' id='word_1_311' title='bbox 832 4121 1010 4201; x_wconf 89' lang='lat' dir='ltr'>licenciam,</span> <span class='ocrx_word' id='word_1_312' title='bbox 1027 4130 1062 4187; x_wconf 91' lang='lat' dir='ltr'>et</span> <span class='ocrx_word' id='word_1_313' title='bbox 1082 4122 1110 4187; x_wconf 88' lang='lat' dir='ltr'>si</span> <span class='ocrx_word' id='word_1_314' title='bbox 1128 4123 1216 4188; x_wconf 88' lang='lat' dir='ltr'>dicta</span> <span class='ocrx_word' id='word_1_315' title='bbox 1231 4146 1328 4188; x_wconf 87' lang='lat' dir='ltr'>causa</span> <span class='ocrx_word' id='word_1_316' title='bbox 1340 4135 1476 4231; x_wconf 51' lang='lat' dir='ltr'>gssffld</span> 
     </span>
    </p>
   </div>
   <div class='ocr_carea' id='block_1_34' title="bbox 167 4223 1492 4328">
    <p class='ocr_par' dir='ltr' id='par_1_34' title="bbox 167 4223 1492 4328">
     <span class='ocr_line' id='line_1_37' title="bbox 167 4223 1492 4328; baseline -0.003 -37"><span class='ocrx_word' id='word_1_317' title='bbox 167 4225 372 4291; x_wconf 87' lang='lat' dir='ltr'>racionabilis</span> <span class='ocrx_word' id='word_1_318' title='bbox 398 4225 506 4302; x_wconf 87' lang='lat' dir='ltr'>fuerit,</span> <span class='ocrx_word' id='word_1_319' title='bbox 533 4224 700 4289; x_wconf 87' lang='lat' dir='ltr'>licenciam</span> <span class='ocrx_word' id='word_1_320' title='bbox 724 4223 845 4288; x_wconf 88' lang='lat' dir='ltr'>habeat</span> <span class='ocrx_word' id='word_1_321' title='bbox 867 4224 1048 4302; x_wconf 88' lang='lat' dir='ltr'>recedendi,</span> <span class='ocrx_word' id='word_1_322' title='bbox 1073 4227 1151 4290; x_wconf 90' lang='lat' dir='ltr'>dum</span> <span class='ocrx_word' id='word_1_323' title='bbox 1175 4234 1287 4290; x_wconf 87' lang='lat' dir='ltr'>tamen</span> <span class='ocrx_word' id='word_1_324' title='bbox 1308 4231 1492 4328; x_wconf 56' lang='lat' dir='ltr'>afflffl&#39;gss?</span> 
     </span>
    </p>
   </div>
   <div class='ocr_carea' id='block_1_35' title="bbox 168 4327 1460 4416">
    <p class='ocr_par' dir='ltr' id='par_1_35' title="bbox 168 4327 1460 4416">
     <span class='ocr_line' id='line_1_38' title="bbox 168 4327 1460 4416; baseline -0.003 -22"><span class='ocrx_word' id='word_1_325' title='bbox 168 4330 284 4416; x_wconf 88' lang='lat' dir='ltr'>majori</span> <span class='ocrx_word' id='word_1_326' title='bbox 313 4337 406 4415; x_wconf 86' lang='lat' dir='ltr'>parte</span> <span class='ocrx_word' id='word_1_327' title='bbox 437 4329 574 4393; x_wconf 87' lang='lat' dir='ltr'>fratrum</span> <span class='ocrx_word' id='word_1_328' title='bbox 608 4337 685 4393; x_wconf 90' lang='lat' dir='ltr'>tunc</span> <span class='ocrx_word' id='word_1_329' title='bbox 714 4329 918 4414; x_wconf 87' lang='lat' dir='ltr'>presencium</span> <span class='ocrx_word' id='word_1_330' title='bbox 950 4340 984 4393; x_wconf 88' lang='lat' dir='ltr'>et</span> <span class='ocrx_word' id='word_1_331' title='bbox 1015 4331 1056 4394; x_wconf 89' lang='lat' dir='ltr'>ab</span> <span class='ocrx_word' id='word_1_332' title='bbox 1093 4331 1196 4415; x_wconf 87' lang='lat' dir='ltr'>ipsius</span> <span class='ocrx_word' id='word_1_333' title='bbox 1233 4330 1328 4395; x_wconf 86' lang='lat' dir='ltr'>Gilde</span> <span class='ocrx_word' id='word_1_334' title='bbox 1341 4327 1460 4366; x_wconf 51' lang='grc' dir='ltr'>ΝΜ</span> 
     </span>
    </p>
   </div>
   <div class='ocr_carea' id='block_1_36' title="bbox 168 4374 1484 4499">
    <p class='ocr_par' dir='ltr' id='par_1_36' title="bbox 168 4374 1484 4499">
     <span class='ocr_line' id='line_1_39' title="bbox 1342 4374 1446 4414; baseline 0.01 -1"><span class='ocrx_word' id='word_1_335' title='bbox 1342 4374 1399 4414; x_wconf 82' lang='lat' dir='ltr'>lrom</span> <span class='ocrx_word' id='word_1_336' title='bbox 1407 4374 1446 4414; x_wconf 86' lang='lat' dir='ltr'>the</span> 
     </span>
     <span class='ocr_line' id='line_1_40' title="bbox 168 4420 1484 4499; baseline -0.018 -1"><span class='ocrx_word' id='word_1_337' title='bbox 168 4434 322 4499; x_wconf 90' lang='lat' dir='ltr'>oneribus</span> <span class='ocrx_word' id='word_1_338' title='bbox 344 4433 516 4498; x_wconf 86' lang='lat' dir='ltr'>relaxetur.</span> <span class='ocrx_word' id='word_1_339' title='bbox 1341 4420 1484 4471; x_wconf 60' lang='lat' dir='ltr'>aldeham</span> 
     </span>
    </p>
   </div>
   <div class='ocr_carea' id='block_1_37' title="bbox 1157 4552 1241 4621">
    <p class='ocr_par' dir='ltr' id='par_1_37' title="bbox 1157 4552 1241 4621">
     <span class='ocr_line' id='line_1_41' title="bbox 1157 4552 1241 4621; baseline 0.012 -1"><span class='ocrx_word' id='word_1_340' title='bbox 1157 4552 1241 4621; x_wconf 78' lang='grc'>7-2</span> 
     </span>
    </p>
   </div>
   <div class='ocr_carea' id='block_1_38' title="bbox 0 0 1601 5104">
    <p class='ocr_par' dir='ltr' id='par_1_38' title="bbox 0 0 1601 5104">
     <span class='ocr_line' id='line_1_42' title="bbox 0 0 1601 5104; baseline 0 0"><span class='ocrx_word' id='word_1_341' title='bbox 0 0 1601 5104; x_wconf 95' lang='lat' dir='ltr'> </span> 
     </span>
    </p>
   </div>
  </div>
 </body>
</html>
