3152 5104
267 412 329 474 122
666 427 869 475 causamur
892 427 1000 476 arnna

264 590 409 647 nostrum
426 581 467 647 de
483 581 666 647 Downham
682 591 791 648 nostre
810 582 945 648 diocesis
959 604 1055 662 anno,
1070 582 1249 649 indiccione
1265 592 1301 648 et
1315 583 1426 669 ponti-

98 694 191 744 Julrtt
204 697 251 737 1³⁸⁴
264 686 361 752 ficatu
393 686 540 773 superius
569 687 725 765 recitatis,
755 709 866 752 mense
892 687 983 754 Julio
1012 687 1067 753 die
1096 689 1250 754 vicesima
1276 688 1430 776 septima,

263 791 469 877 presentibus
484 790 659 856 reverendo
676 792 744 856 viro
760 791 917 878 Magistro
932 791 955 857 J
956 791 1084 857 ohanne
1099 791 1140 857 de
1156 792 1293 857 Neuton
1313 792 1428 879 legum

263 894 402 973 doctore,
426 895 565 962 Officiali
587 905 697 962 nostro
721 896 855 973 Eliensi‚
883 895 1041 982 Magistro
1064 897 1208 962 Roberto
1231 896 1273 961 de
1297 896 1428 961 Foxton

263 1000 402 1066 Notario
424 1001 548 1087 publici
570 1000 752 1066 consistorii
774 1001 877 1066 nostri
901 1001 1048 1079 Eliensis
1064 1001 1275 1087 Registrario,
1295 1010 1331 1067 et
1353 1001 1429 1067 aliis

263 1104 404 1170 testibus
419 1105 461 1170 ad
476 1104 634 1190 premissa
648 1105 772 1170 vocatis
787 1105 971 1190 specialiter
985 1115 1021 1172 et
1035 1105 1166 1193 rogatis.

1561 635 1564 686 l

582 1285 735 1371 Sequitur
756 1287 948 1372 subscriptio
970 1286 1112 1353 Notarii.

329 1415 373 1480 Et
397 1436 456 1501 ego
480 1414 622 1480 Thomas
645 1415 686 1480 de
712 1414 829 1482 Castro
856 1415 1024 1493 Bernardi‚
1050 1416 1186 1480 clericus
1213 1415 1429 1481 Eboracensis

262 1519 405 1597 diocesis,
436 1519 587 1604 publicus
617 1519 795 1604 apostolica
833 1521 1029 1586 auctoritate
1066 1521 1222 1598 notarius,
1259 1520 1430 1607 premissis

263 1625 414 1690 omnibus
444 1632 479 1688 et
509 1623 647 1710 singulis
677 1646 736 1710 per
765 1623 980 1689 reverendum
1010 1625 1046 1689 in
1076 1625 1207 1692 Christo
1233 1633 1361 1710 patrem
1393 1635 1429 1689 et

262 1729 432 1794 dominum
454 1727 634 1792 Dominum
655 1727 815 1792 Thomam
837 1727 901 1792 Dei
921 1728 1031 1814 gracia
1047 1729 1242 1814 Episcopum
1259 1729 1429 1793 Eliensem
1455 1757 1458 1768 ·

262 1833 414 1918 superius
429 1831 584 1908 recitatis,
599 1840 698 1917 prout
712 1853 771 1917 per
793 1831 935 1896 eundem
957 1832 1172 1898 reverendum
1196 1841 1325 1919 patrem
1350 1854 1430 1918 age·

262 1936 385 2001 bantur
406 1943 441 2000 et
463 1935 587 2000 fiebant
609 1935 671 1999 sub
691 1957 785 2011 anno,
806 1934 997 2014 indiccione,
1015 1935 1221 2021 pontificatu,
1237 1958 1359 2013 mense,
1374 1937 1430 2001 die

263 2050 297 2104 et
326 2041 396 2105 loco
422 2039 578 2124 proximis
608 2038 805 2124 supradictis
832 2061 997 2104 unacum
1023 2041 1260 2126 prenominatis
1286 2041 1430 2107 testibus

262 2143 477 2230 personaliter
492 2165 625 2228 presens
640 2143 785 2220 interfui,
801 2165 905 2228 eaque
920 2144 966 2208 sic
981 2144 1053 2208 fieri
1069 2143 1137 2208 vidi
1152 2151 1187 2210 et
1202 2145 1323 2223 audivi,
1336 2154 1372 2211 et
1387 2146 1429 2211 de

263 2249 417 2313 mandato
433 2248 514 2313 dicti
529 2249 699 2313 reverendi
717 2249 820 2333 patris
842 2271 908 2314 una
928 2271 1003 2314 cum
1019 2249 1126 2336 sigillo
1142 2249 1289 2335 ejusdem
1306 2251 1430 2318 hicme

262 2352 438 2437 subscripsi
468 2361 502 2418 et
532 2351 663 2438 signum
695 2375 805 2417 mcum
836 2354 973 2438 apposui
1002 2363 1205 2431 consuetum,
1230 2365 1366 2442 rogatus
1394 2366 1429 2422 et

262 2455 440 2542 requisitus
463 2456 497 2519 in
521 2455 748 2520 testimonium
772 2456 1012 2540 premissorum.

117 2657 147 2686 ¹¹⁰
173 2657 229 2734 ξω
277 2644 429 2731 Sequitur
444 2645 516 2711 otiu
530 2643 737 2731 indulpeaoiu
746 2645 844 2731 priua
859 2667 1004 2712 cocceam
1013 2668 1076 2732 per
1092 2647 1212 2714 dictum
1227 2647 1406 2714 Dominum

655 2749 853 2834 Episcopum
870 2749 1039 2815 Elicerem.

327 2879 499 2946 Universis
529 2886 640 2944 sancte
670 2878 785 2944 matris
815 2878 949 2944 ecclesie
980 2879 1056 2944 filiis
1093 2889 1261 2965 presentes
1299 2881 1428 2947 litteras

261 2984 465 3070 inspecturis,
495 2983 636 3047 Thomas
666 2982 879 3068 permissione
917 2983 1030 3048 divina
1067 2984 1247 3070 Episcopus
1286 2986 1428 3052 Eliensis

262 3091 402 3156 salutem
432 3089 468 3153 in
498 3088 642 3153 Domino
673 3087 917 3174 sempiternam.
964 3089 1107 3152 Eternus
1134 3089 1232 3154 Pater
1256 3089 1350 3175 cujus
1377 3091 1427 3154 in-

97 3216 160 3256 aum.
172 3215 200 3255 n.
211 3217 235 3256 ³³
262 3194 569 3281 comprehensibilia
589 3201 667 3258 sunt
683 3192 810 3278 judicia
831 3200 865 3256 et
880 3191 1125 3279 investigabiles
1140 3192 1193 3258 vie
1209 3193 1289 3279 ejus,
1305 3193 1427 3259 nedum

261 3302 368 3366 filium
391 3323 489 3365 suum
516 3299 726 3384 unigenitum
751 3305 786 3362 et
809 3298 964 3384 spiritum
993 3306 1144 3362 sanctum
1171 3299 1367 3384 paraclitum
1392 3300 1427 3364 in

262 3406 409 3493 personis
439 3427 553 3470 verum
584 3403 688 3468 eciam
714 3402 900 3466 trinitatem
930 3401 965 3467 in
992 3403 1123 3468 unitate
1146 3411 1181 3468 et
1202 3405 1368 3468 unitatem
1393 3405 1428 3469 in

263 3511 422 3584 trinitate,
450 3533 470 3573 a
496 3507 622 3572 cunctis
646 3505 815 3571 catholicis
841 3505 947 3571 voluit
973 3505 1141 3570 honorari:
1174 3506 1274 3572 Unde
1304 3508 1428 3574 Sancta

263 3623 368 3681 mater
383 3613 518 3679 ecclesia
533 3613 654 3676 festum
671 3611 705 3674 in
721 3610 841 3674 honore
853 3617 964 3674 sancte
977 3619 1010 3674 et
1022 3609 1192 3675 individue
1204 3611 1378 3676 Trinitatis
1393 3613 1427 3676 in

263 3720 397 3786 Octabis
428 3719 637 3784 Pentecostes
666 3717 702 3780 in
731 3715 908 3780 universali
937 3715 1071 3780 ecclesia
1096 3738 1155 3802 per
1181 3724 1289 3782 toturn
1316 3717 1427 3782 orbem

262 3834 421 3891 terrarum
438 3824 534 3909 longe
550 3822 682 3907 lateque
697 3819 816 3885 diffusa
830 3819 925 3884 annis
937 3819 1074 3906 singulis
1087 3820 1206 3886 statuit
1216 3821 1428 3906 solempniter

261 3929 502 4005 celebrandum,
532 3934 571 3992 ut
601 3933 674 4011 post
703 3924 764 3989 filii
793 3923 1051 3990 resurrexionem
1081 3932 1116 3989 et
1152 3925 1286 4009 spiritus
1323 3925 1428 3990 sancti

262 4034 450 4100 missionem
470 4032 505 4096 in
524 4039 645 4097 terram
664 4030 706 4095 de
725 4028 796 4115 ipsa
816 4029 938 4095 Sancta
956 4028 1119 4093 Trinitate
1142 4028 1230 4093 inter
1252 4029 1427 4095 catholicos

257 4138 348 4225 jugis
364 4135 519 4202 memoria
534 4135 729 4200 haberetur:
753 4133 806 4198 Ad
822 4132 916 4218 cujus
933 4131 1094 4218 siquidem
1113 4153 1240 4197 summe
1256 4131 1427 4198 Trinitatis

262 4243 393 4308 laudem
416 4251 452 4308 et
474 4241 663 4327 preconium
686 4238 836 4304 devotius
858 4237 1081 4314 excolendum,
1103 4236 1216 4301 dilecti
1239 4237 1298 4301 filii
1324 4238 1427 4303 nostri

95 4354 209 4454 ἔξω
262 4349 445 4434 Burgenses
462 4347 539 4411 ville
559 4344 770 4430 Cantebrigie
790 4351 901 4408 nostre
921 4342 1066 4418 diocesis,
1086 4341 1246 4406 divinitus
1266 4350 1304 4406 ut
1326 4343 1428 4408 credi·

261 4477 334 4520 mus
353 4452 512 4538 inspirati,
532 4450 707 4537 quamdam
730 4449 863 4516 Gildam
882 4448 951 4513 sive
971 4445 1227 4512 Fraternitatem
1247 4446 1281 4509 in
1305 4445 1425 4512 honore
