<?xml version="1.0" encoding="UTF-8"?>
<!DOCTYPE html PUBLIC "-//W3C//DTD XHTML 1.0 Transitional//EN"
    "http://www.w3.org/TR/xhtml1/DTD/xhtml1-transitional.dtd">
<html xmlns="http://www.w3.org/1999/xhtml" xml:lang="en" lang="en">
 <head>
  <title>
</title>
<meta http-equiv="Content-Type" content="text/html;charset=utf-8" />
  <meta name='ocr-system' content='tesseract 3.04.00' />
  <meta name='ocr-capabilities' content='ocr_page ocr_carea ocr_par ocr_line ocrx_word'/>
</head>
<body>
  <div class='ocr_page' id='page_1' title='image "./cambridgegildre00cunngoog_0050.png"; bbox 0 0 3194 5120; ppageno 0'>
   <div class='ocr_carea' id='block_1_1' title="bbox 533 412 837 477">
    <p class='ocr_par' dir='ltr' id='par_1_1' title="bbox 533 412 837 477">
     <span class='ocr_line' id='line_1_1' title="bbox 533 412 837 477; baseline 0.007 -2"><span class='ocrx_word' id='word_1_1' title='bbox 533 427 572 476; x_wconf 84' lang='lat' dir='ltr'>sr</span> <span class='ocrx_word' id='word_1_2' title='bbox 594 412 722 476; x_wconf 75' lang='lat' dir='ltr'>mnr&#39;s</span> <span class='ocrx_word' id='word_1_3' title='bbox 744 428 837 477; x_wconf 84' lang='lat' dir='ltr'>erno.</span> 
     </span>
    </p>
   </div>
   <div class='ocr_carea' id='block_1_2' title="bbox 492 608 878 676">
    <p class='ocr_par' dir='ltr' id='par_1_2' title="bbox 492 608 878 676">
     <span class='ocr_line' id='line_1_2' title="bbox 492 608 878 676; baseline 0.003 -4"><span class='ocrx_word' id='word_1_4' title='bbox 492 608 544 673; x_wconf 86' lang='lat' dir='ltr'>De</span> <span class='ocrx_word' id='word_1_5' title='bbox 566 631 653 673; x_wconf 85' lang='lat' dir='ltr'>anno</span> <span class='ocrx_word' id='word_1_6' title='bbox 675 633 741 674; x_wconf 89' lang='lat' dir='ltr'>xxx</span> <span class='ocrx_word' id='word_1_7' title='bbox 764 610 878 676; x_wconf 87' lang='lat' dir='ltr'>Tercio</span> 
     </span>
    </p>
   </div>
   <div class='ocr_carea' id='block_1_3' title="bbox 151 742 965 1082">
    <p class='ocr_par' dir='ltr' id='par_1_3' title="bbox 151 742 965 1082">
     <span class='ocr_line' id='line_1_3' title="bbox 180 742 965 818; baseline 0.009 -21"><span class='ocrx_word' id='word_1_8' title='bbox 180 742 281 815; x_wconf 71' lang='lat' dir='ltr'>§exon</span> <span class='ocrx_word' id='word_1_9' title='bbox 294 742 330 798; x_wconf 87' lang='lat' dir='ltr'>de</span> <span class='ocrx_word' id='word_1_10' title='bbox 341 742 556 811; x_wconf 76' lang='lat' dir='ltr'>Comberton4*</span> <span class='ocrx_word' id='word_1_11' title='bbox 818 747 874 802; x_wconf 90' lang='lat' dir='ltr'>duo</span> <span class='ocrx_word' id='word_1_12' title='bbox 886 765 965 818; x_wconf 84' lang='lat' dir='ltr'>quar.</span> 
     </span>
     <span class='ocr_line' id='line_1_4' title="bbox 176 831 965 904; baseline 0.005 -18"><span class='ocrx_word' id='word_1_13' title='bbox 176 832 238 887; x_wconf 86' lang='lat' dir='ltr'>Joh.</span> <span class='ocrx_word' id='word_1_14' title='bbox 252 831 287 887; x_wconf 93' lang='lat' dir='ltr'>de</span> <span class='ocrx_word' id='word_1_15' title='bbox 300 832 381 887; x_wconf 76' lang='lat' dir='ltr'>Lelr*</span> <span class='ocrx_word' id='word_1_16' title='bbox 818 833 874 888; x_wconf 93' lang='lat' dir='ltr'>duo</span> <span class='ocrx_word' id='word_1_17' title='bbox 886 852 965 904; x_wconf 81' lang='lat' dir='ltr'>quar.</span> 
     </span>
     <span class='ocr_line' id='line_1_5' title="bbox 151 920 965 993; baseline 0.002 -19"><span class='ocrx_word' id='word_1_18' title='bbox 151 977 156 986; x_wconf 60' lang='grc'><strong>,</strong></span> <span class='ocrx_word' id='word_1_19' title='bbox 175 920 247 975; x_wconf 70' lang='lat' dir='ltr'>will,</span> <span class='ocrx_word' id='word_1_20' title='bbox 261 920 297 975; x_wconf 86' lang='lat' dir='ltr'>de</span> <span class='ocrx_word' id='word_1_21' title='bbox 309 921 453 976; x_wconf 83' lang='lat' dir='ltr'>Barenton</span> <span class='ocrx_word' id='word_1_22' title='bbox 817 921 873 976; x_wconf 93' lang='lat' dir='ltr'>duo</span> <span class='ocrx_word' id='word_1_23' title='bbox 885 939 965 993; x_wconf 87' lang='lat' dir='ltr'>quar.</span> 
     </span>
     <span class='ocr_line' id='line_1_6' title="bbox 173 1007 964 1082; baseline 0.004 -20"><span class='ocrx_word' id='word_1_24' title='bbox 173 1008 266 1063; x_wconf 86' lang='lat' dir='ltr'>Adam</span> <span class='ocrx_word' id='word_1_25' title='bbox 278 1007 313 1063; x_wconf 87' lang='lat' dir='ltr'>de</span> <span class='ocrx_word' id='word_1_26' title='bbox 327 1009 432 1064; x_wconf 85' lang='lat' dir='ltr'>Saham</span> <span class='ocrx_word' id='word_1_27' title='bbox 817 1009 873 1064; x_wconf 90' lang='lat' dir='ltr'>duo</span> <span class='ocrx_word' id='word_1_28' title='bbox 886 1028 964 1082; x_wconf 82' lang='lat' dir='ltr'>quar.</span> 
     </span>
    </p>
   </div>
   <div class='ocr_carea' id='block_1_4' title="bbox 339 1183 1418 1271">
    <p class='ocr_par' dir='ltr' id='par_1_4' title="bbox 339 1183 1418 1271">
     <span class='ocr_line' id='line_1_7' title="bbox 339 1183 1418 1271; baseline 0.003 -23"><span class='ocrx_word' id='word_1_29' title='bbox 339 1184 388 1249; x_wconf 86' lang='lat' dir='ltr'>De</span> <span class='ocrx_word' id='word_1_30' title='bbox 404 1207 489 1250; x_wconf 90' lang='lat' dir='ltr'>anno</span> <span class='ocrx_word' id='word_1_31' title='bbox 504 1185 596 1271; x_wconf 85' lang='lat' dir='ltr'>regni</span> <span class='ocrx_word' id='word_1_32' title='bbox 613 1185 699 1270; x_wconf 81' lang='lat' dir='ltr'>regis</span> <span class='ocrx_word' id='word_1_33' title='bbox 716 1183 870 1250; x_wconf 82' lang='lat' dir='ltr'>Edwardi</span> <span class='ocrx_word' id='word_1_34' title='bbox 887 1187 1030 1251; x_wconf 80' lang='lat' dir='ltr'>secundo</span> <span class='ocrx_word' id='word_1_35' title='bbox 1296 1192 1418 1252; x_wconf 85' lang='lat'>1308-9</span> 
     </span>
    </p>
   </div>
   <div class='ocr_carea' id='block_1_5' title="bbox 173 1333 965 1410">
    <p class='ocr_par' dir='ltr' id='par_1_5' title="bbox 173 1333 965 1410">
     <span class='ocr_line' id='line_1_8' title="bbox 173 1333 965 1410; baseline 0.008 -22"><span class='ocrx_word' id='word_1_36' title='bbox 173 1334 244 1390; x_wconf 77' lang='lat' dir='ltr'>Gall.</span> <span class='ocrx_word' id='word_1_37' title='bbox 259 1333 295 1389; x_wconf 92' lang='lat' dir='ltr'>de</span> <span class='ocrx_word' id='word_1_38' title='bbox 307 1335 463 1408; x_wconf 76' lang='lat' dir='ltr'>Oostesay*</span> <span class='ocrx_word' id='word_1_39' title='bbox 819 1338 875 1394; x_wconf 91' lang='lat' dir='ltr'>duo</span> <span class='ocrx_word' id='word_1_40' title='bbox 886 1356 965 1410; x_wconf 84' lang='lat' dir='ltr'>quar.</span> 
     </span>
    </p>
   </div>
   <div class='ocr_carea' id='block_1_6' title="bbox 399 1611 983 1697">
    <p class='ocr_par' dir='ltr' id='par_1_6' title="bbox 399 1611 983 1697">
     <span class='ocr_line' id='line_1_9' title="bbox 399 1611 983 1697; baseline 0.003 -21"><span class='ocrx_word' id='word_1_41' title='bbox 399 1611 486 1676; x_wconf 83' lang='lat' dir='ltr'>First</span> <span class='ocrx_word' id='word_1_42' title='bbox 511 1612 702 1677; x_wconf 74' lang='lat' dir='ltr'>Membrone</span> <span class='ocrx_word' id='word_1_43' title='bbox 726 1613 983 1697; x_wconf 86' lang='lat'>[1300-1303].</span> 
     </span>
    </p>
   </div>
   <div class='ocr_carea' id='block_1_7' title="bbox 19 1781 1338 2391">
    <p class='ocr_par' dir='ltr' id='par_1_7' title="bbox 19 1781 1338 2391">
     <span class='ocr_line' id='line_1_10' title="bbox 169 1781 1338 1871; baseline 0.002 -26"><span class='ocrx_word' id='word_1_44' title='bbox 169 1781 239 1866; x_wconf 82' lang='lat' dir='ltr'>[r0]1</span> <span class='ocrx_word' id='word_1_45' title='bbox 284 1783 364 1846; x_wconf 79' lang='lat' dir='ltr'>Tho.</span> <span class='ocrx_word' id='word_1_46' title='bbox 388 1782 429 1846; x_wconf 92' lang='lat' dir='ltr'>de</span> <span class='ocrx_word' id='word_1_47' title='bbox 461 1782 683 1868; x_wconf 84' lang='lat' dir='ltr'>Maddyngley</span> <span class='ocrx_word' id='word_1_48' title='bbox 708 1784 808 1849; x_wconf 90' lang='lat' dir='ltr'>debet</span> <span class='ocrx_word' id='word_1_49' title='bbox 831 1783 872 1848; x_wconf 90' lang='lat' dir='ltr'>de</span> <span class='ocrx_word' id='word_1_50' title='bbox 899 1806 1040 1871; x_wconf 86' lang='lat' dir='ltr'>mangno</span> <span class='ocrx_word' id='word_1_51' title='bbox 1067 1783 1180 1848; x_wconf 89' lang='lat' dir='ltr'>debito</span> <span class='ocrx_word' id='word_1_52' title='bbox 1206 1804 1338 1848; x_wconf 69' lang='lat' dir='ltr'>suonam</span> 
     </span>
     <span class='ocr_line' id='line_1_11' title="bbox 107 1883 1264 1953; baseline 0.004 -5"><span class='ocrx_word' id='word_1_53' title='bbox 107 1883 146 1949; x_wconf 90' lang='lat' dir='ltr'>de</span> <span class='ocrx_word' id='word_1_54' title='bbox 165 1887 304 1950; x_wconf 91' lang='lat' dir='ltr'>termino</span> <span class='ocrx_word' id='word_1_55' title='bbox 326 1887 433 1950; x_wconf 85' lang='lat' dir='ltr'>saneti</span> <span class='ocrx_word' id='word_1_56' title='bbox 452 1886 476 1950; x_wconf 86' lang='lat' dir='ltr'><strong>J</strong></span> <span class='ocrx_word' id='word_1_57' title='bbox 478 1887 617 1950; x_wconf 85' lang='lat' dir='ltr'>ohannis</span> <span class='ocrx_word' id='word_1_58' title='bbox 636 1895 671 1952; x_wconf 90' lang='lat' dir='ltr'>et</span> <span class='ocrx_word' id='word_1_59' title='bbox 693 1887 733 1951; x_wconf 89' lang='lat' dir='ltr'>de</span> <span class='ocrx_word' id='word_1_60' title='bbox 758 1887 899 1952; x_wconf 91' lang='lat' dir='ltr'>termino</span> <span class='ocrx_word' id='word_1_61' title='bbox 916 1888 1021 1952; x_wconf 85' lang='lat' dir='ltr'>sancti</span> <span class='ocrx_word' id='word_1_62' title='bbox 1037 1887 1208 1952; x_wconf 83' lang='lat' dir='ltr'><strong>Michaelis</strong></span> <span class='ocrx_word' id='word_1_63' title='bbox 1224 1890 1264 1953; x_wconf 89' lang='lat' dir='ltr'>de</span> 
     </span>
     <span class='ocr_line' id='line_1_12' title="bbox 19 1989 1264 2080; baseline 0.006 -30"><span class='ocrx_word' id='word_1_64' title='bbox 19 1991 21 2050; x_wconf 79' lang='lat' dir='ltr'>i</span> <span class='ocrx_word' id='word_1_65' title='bbox 107 2013 189 2055; x_wconf 86' lang='lat' dir='ltr'>anno</span> <span class='ocrx_word' id='word_1_66' title='bbox 210 1991 304 2080; x_wconf 82' lang='lat' dir='ltr'>regni</span> <span class='ocrx_word' id='word_1_67' title='bbox 327 1989 412 2074; x_wconf 85' lang='lat' dir='ltr'>regis</span> <span class='ocrx_word' id='word_1_68' title='bbox 436 1991 586 2055; x_wconf 81' lang='lat' dir='ltr'>Edwardi</span> <span class='ocrx_word' id='word_1_69' title='bbox 610 1991 750 2078; x_wconf 59' lang='lat' dir='ltr'>xxviij*⁰²</span> <span class='ocrx_word' id='word_1_70' title='bbox 772 2016 827 2059; x_wconf 80' lang='lat' dir='ltr'>xo.</span> <span class='ocrx_word' id='word_1_71' title='bbox 851 2002 886 2058; x_wconf 90' lang='lat' dir='ltr'>et</span> <span class='ocrx_word' id='word_1_72' title='bbox 905 1993 946 2057; x_wconf 93' lang='lat' dir='ltr'>de</span> <span class='ocrx_word' id='word_1_73' title='bbox 969 1993 1110 2057; x_wconf 87' lang='lat' dir='ltr'>termino</span> <span class='ocrx_word' id='word_1_74' title='bbox 1133 1993 1264 2058; x_wconf 81' lang='lat' dir='ltr'>Natalis</span> 
     </span>
     <span class='ocr_line' id='line_1_13' title="bbox 105 2095 1264 2184; baseline 0.004 -25"><span class='ocrx_word' id='word_1_75' title='bbox 105 2096 226 2160; x_wconf 91' lang='lat' dir='ltr'>domini</span> <span class='ocrx_word' id='word_1_76' title='bbox 240 2119 327 2160; x_wconf 89' lang='lat' dir='ltr'>anno</span> <span class='ocrx_word' id='word_1_77' title='bbox 342 2096 435 2180; x_wconf 88' lang='lat' dir='ltr'>regni</span> <span class='ocrx_word' id='word_1_78' title='bbox 450 2095 534 2180; x_wconf 84' lang='lat' dir='ltr'>regis</span> <span class='ocrx_word' id='word_1_79' title='bbox 556 2096 706 2160; x_wconf 86' lang='lat' dir='ltr'>Edwardi</span> <span class='ocrx_word' id='word_1_80' title='bbox 721 2105 779 2161; x_wconf 88' lang='lat' dir='ltr'>xx⁰</span> <span class='ocrx_word' id='word_1_81' title='bbox 795 2121 880 2162; x_wconf 94' lang='lat' dir='ltr'>nono</span> <span class='ocrx_word' id='word_1_82' title='bbox 901 2095 1047 2184; x_wconf 84' lang='lat' dir='ltr'>quinque</span> <span class='ocrx_word' id='word_1_83' title='bbox 1067 2098 1121 2162; x_wconf 86' lang='lat' dir='ltr'>sol.</span> <span class='ocrx_word' id='word_1_84' title='bbox 1139 2108 1172 2163; x_wconf 90' lang='lat' dir='ltr'>et</span> <span class='ocrx_word' id='word_1_85' title='bbox 1188 2099 1264 2164; x_wconf 85' lang='lat' dir='ltr'>inde</span> 
     </span>
     <span class='ocr_line' id='line_1_14' title="bbox 105 2199 1264 2286; baseline 0.003 -23"><span class='ocrx_word' id='word_1_86' title='bbox 105 2199 200 2263; x_wconf 82' lang='lat' dir='ltr'>soluit</span> <span class='ocrx_word' id='word_1_87' title='bbox 216 2222 266 2264; x_wconf 76' lang='lat' dir='ltr'>xe.</span> <span class='ocrx_word' id='word_1_88' title='bbox 283 2209 317 2264; x_wconf 90' lang='lat' dir='ltr'>et</span> <span class='ocrx_word' id='word_1_89' title='bbox 333 2199 433 2263; x_wconf 89' lang='lat' dir='ltr'>debet</span> <span class='ocrx_word' id='word_1_90' title='bbox 450 2199 556 2262; x_wconf 86' lang='lat' dir='ltr'>adhue</span> <span class='ocrx_word' id='word_1_91' title='bbox 573 2199 717 2284; x_wconf 88' lang='lat' dir='ltr'>quinque</span> <span class='ocrx_word' id='word_1_92' title='bbox 728 2201 780 2285; x_wconf 76' lang='lat' dir='ltr'>[a]</span> <span class='ocrx_word' id='word_1_93' title='bbox 797 2223 878 2286; x_wconf 83' lang='lat' dir='ltr'>quos</span> <span class='ocrx_word' id='word_1_94' title='bbox 893 2201 995 2265; x_wconf 84' lang='lat' dir='ltr'>soluit</span> <span class='ocrx_word' id='word_1_95' title='bbox 1012 2202 1044 2264; x_wconf 93' lang='lat' dir='ltr'>in</span> <span class='ocrx_word' id='word_1_96' title='bbox 1061 2202 1144 2266; x_wconf 85' lang='lat' dir='ltr'>festo</span> <span class='ocrx_word' id='word_1_97' title='bbox 1159 2201 1264 2266; x_wconf 83' lang='lat' dir='ltr'>saneti</span> 
     </span>
     <span class='ocr_line' id='line_1_15' title="bbox 19 2303 915 2391; baseline 0.004 -25"><span class='ocrx_word' id='word_1_98' title='bbox 19 2335 20 2340; x_wconf 41' lang='lat'>¹</span> <span class='ocrx_word' id='word_1_99' title='bbox 106 2304 274 2368; x_wconf 79' lang='lat' dir='ltr'>Michaelis</span> <span class='ocrx_word' id='word_1_100' title='bbox 289 2327 376 2368; x_wconf 92' lang='lat' dir='ltr'>anno</span> <span class='ocrx_word' id='word_1_101' title='bbox 391 2303 484 2391; x_wconf 86' lang='lat' dir='ltr'>regni</span> <span class='ocrx_word' id='word_1_102' title='bbox 501 2304 586 2389; x_wconf 85' lang='lat' dir='ltr'>regis</span> <span class='ocrx_word' id='word_1_103' title='bbox 602 2305 754 2369; x_wconf 85' lang='lat' dir='ltr'>Edwardi</span> <span class='ocrx_word' id='word_1_104' title='bbox 771 2330 835 2369; x_wconf 88' lang='lat' dir='ltr'>xxx</span> <span class='ocrx_word' id='word_1_105' title='bbox 853 2306 915 2391; x_wconf 80' lang='lat' dir='ltr'>ij⁰³.</span> 
     </span>
    </p>
   </div>
   <div class='ocr_carea' id='block_1_8' title="bbox 98 2455 1367 3061">
    <p class='ocr_par' dir='ltr' id='par_1_8' title="bbox 99 2455 1367 2834">
     <span class='ocr_line' id='line_1_16' title="bbox 167 2455 1367 2542; baseline 0.003 -22"><span class='ocrx_word' id='word_1_106' title='bbox 167 2457 258 2540; x_wconf 85' lang='lat' dir='ltr'>[Deo.</span> <span class='ocrx_word' id='word_1_107' title='bbox 275 2460 327 2533; x_wconf 90' lang='lat'>30,</span> <span class='ocrx_word' id='word_1_108' title='bbox 344 2455 442 2540; x_wconf 85' lang='grc'><strong>1300]</strong></span> <span class='ocrx_word' id='word_1_109' title='bbox 482 2456 562 2542; x_wconf 83' lang='lat' dir='ltr'>Rog.</span> <span class='ocrx_word' id='word_1_110' title='bbox 581 2455 823 2540; x_wconf 83' lang='lat' dir='ltr'>Wollemonger</span> <span class='ocrx_word' id='word_1_111' title='bbox 837 2466 871 2521; x_wconf 86' lang='lat' dir='ltr'>et</span> <span class='ocrx_word' id='word_1_112' title='bbox 887 2479 969 2520; x_wconf 88' lang='lat' dir='ltr'>uxor</span> <span class='ocrx_word' id='word_1_113' title='bbox 983 2479 1043 2521; x_wconf 89' lang='lat' dir='ltr'>sua</span> <span class='ocrx_word' id='word_1_114' title='bbox 1057 2458 1264 2523; x_wconf 86' lang='lat' dir='ltr'>intraverunt</span> <span class='ocrx_word' id='word_1_115' title='bbox 1278 2472 1367 2514; x_wconf 68' lang='lat' dir='ltr'>nume·</span> 
     </span>
     <span class='ocr_line' id='line_1_17' title="bbox 102 2559 1262 2646; baseline -0.001 -21"><span class='ocrx_word' id='word_1_116' title='bbox 102 2560 233 2625; x_wconf 83' lang='lat' dir='ltr'>Gildam</span> <span class='ocrx_word' id='word_1_117' title='bbox 264 2569 300 2624; x_wconf 89' lang='lat' dir='ltr'>et</span> <span class='ocrx_word' id='word_1_118' title='bbox 330 2560 571 2625; x_wconf 75' lang='lat' dir='ltr'><strong>fraternitatem</strong></span> <span class='ocrx_word' id='word_1_119' title='bbox 601 2559 654 2624; x_wconf 89' lang='lat' dir='ltr'>die</span> <span class='ocrx_word' id='word_1_120' title='bbox 689 2560 826 2624; x_wconf 84' lang='lat' dir='ltr'>Veneris</span> <span class='ocrx_word' id='word_1_121' title='bbox 852 2561 1000 2645; x_wconf 89' lang='lat' dir='ltr'>proxima</span> <span class='ocrx_word' id='word_1_122' title='bbox 1032 2573 1106 2646; x_wconf 84' lang='lat' dir='ltr'>post</span> <span class='ocrx_word' id='word_1_123' title='bbox 1143 2562 1262 2626; x_wconf 85' lang='lat' dir='ltr'>festum</span> 
     </span>
     <span class='ocr_line' id='line_1_18' title="bbox 101 2664 1262 2750; baseline 0.001 -22"><span class='ocrx_word' id='word_1_124' title='bbox 101 2665 233 2729; x_wconf 83' lang='lat' dir='ltr'>Natalis</span> <span class='ocrx_word' id='word_1_125' title='bbox 262 2665 387 2729; x_wconf 91' lang='lat' dir='ltr'>domini</span> <span class='ocrx_word' id='word_1_126' title='bbox 413 2687 472 2749; x_wconf 88' lang='lat' dir='ltr'>per</span> <span class='ocrx_word' id='word_1_127' title='bbox 497 2664 596 2728; x_wconf 91' lang='lat' dir='ltr'>finem</span> <span class='ocrx_word' id='word_1_128' title='bbox 620 2665 759 2728; x_wconf 91' lang='lat' dir='ltr'>duorum</span> <span class='ocrx_word' id='word_1_129' title='bbox 781 2675 887 2750; x_wconf 86' lang='lat' dir='ltr'>quart.</span> <span class='ocrx_word' id='word_1_130' title='bbox 911 2665 1009 2728; x_wconf 86' lang='lat' dir='ltr'>brasii</span> <span class='ocrx_word' id='word_1_131' title='bbox 1036 2665 1262 2729; x_wconf 85' lang='lat' dir='ltr'>solvendorum</span> 
     </span>
     <span class='ocr_line' id='line_1_19' title="bbox 99 2768 866 2834; baseline -0.001 -1"><span class='ocrx_word' id='word_1_132' title='bbox 99 2769 133 2833; x_wconf 94' lang='lat' dir='ltr'>in</span> <span class='ocrx_word' id='word_1_133' title='bbox 150 2769 234 2834; x_wconf 84' lang='lat' dir='ltr'>festo</span> <span class='ocrx_word' id='word_1_134' title='bbox 249 2769 448 2832; x_wconf 74' lang='lat' dir='ltr'>Natiuitatis</span> <span class='ocrx_word' id='word_1_135' title='bbox 462 2768 558 2832; x_wconf 90' lang='lat' dir='ltr'>beate</span> <span class='ocrx_word' id='word_1_136' title='bbox 575 2768 679 2832; x_wconf 83' lang='lat' dir='ltr'>Mario</span> <span class='ocrx_word' id='word_1_137' title='bbox 695 2789 769 2831; x_wconf 89' lang='lat' dir='ltr'>oum</span> <span class='ocrx_word' id='word_1_138' title='bbox 786 2789 866 2832; x_wconf 78' lang='lat' dir='ltr'>cera</span> 
     </span>
    </p>

    <p class='ocr_par' dir='ltr' id='par_1_9' title="bbox 98 2871 1312 3061">
     <span class='ocr_line' id='line_1_20' title="bbox 166 2871 1261 2959; baseline -0.001 -22"><span class='ocrx_word' id='word_1_139' title='bbox 166 2873 245 2938; x_wconf 88' lang='lat' dir='ltr'>Sim.</span> <span class='ocrx_word' id='word_1_140' title='bbox 271 2873 311 2936; x_wconf 90' lang='lat' dir='ltr'>de</span> <span class='ocrx_word' id='word_1_141' title='bbox 339 2872 479 2936; x_wconf 90' lang='lat' dir='ltr'>Stokton</span> <span class='ocrx_word' id='word_1_142' title='bbox 506 2880 541 2936; x_wconf 89' lang='lat' dir='ltr'>et</span> <span class='ocrx_word' id='word_1_143' title='bbox 567 2872 683 2936; x_wconf 88' lang='lat' dir='ltr'>Avioia</span> <span class='ocrx_word' id='word_1_144' title='bbox 710 2895 790 2936; x_wconf 90' lang='lat' dir='ltr'>uxor</span> <span class='ocrx_word' id='word_1_145' title='bbox 814 2895 873 2936; x_wconf 85' lang='lat' dir='ltr'>sua</span> <span class='ocrx_word' id='word_1_146' title='bbox 899 2871 1053 2938; x_wconf 81' lang='lat' dir='ltr'>similiter</span> <span class='ocrx_word' id='word_1_147' title='bbox 1079 2896 1137 2959; x_wconf 90' lang='lat' dir='ltr'>per</span> <span class='ocrx_word' id='word_1_148' title='bbox 1163 2874 1261 2938; x_wconf 86' lang='lat' dir='ltr'>finem</span> 
     </span>
     <span class='ocr_line' id='line_1_21' title="bbox 98 2973 1312 3061; baseline 0.001 -24"><span class='ocrx_word' id='word_1_149' title='bbox 98 2975 119 3060; x_wconf 93' lang='lat' dir='ltr'>ij</span> <span class='ocrx_word' id='word_1_150' title='bbox 138 2983 245 3061; x_wconf 87' lang='lat' dir='ltr'>quart.</span> <span class='ocrx_word' id='word_1_151' title='bbox 255 2973 355 3038; x_wconf 78' lang='lat' dir='ltr'>brasii</span> <span class='ocrx_word' id='word_1_152' title='bbox 370 2996 443 3038; x_wconf 87' lang='lat' dir='ltr'>oum</span> <span class='ocrx_word' id='word_1_153' title='bbox 460 2995 541 3038; x_wconf 84' lang='lat' dir='ltr'>cera.</span> <span class='ocrx_word' id='word_1_154' title='bbox 1308 2973 1312 2980; x_wconf 80' lang='grc'>’</span> 
     </span>
    </p>
   </div>
   <div class='ocr_carea' id='block_1_9' title="bbox 98 3131 1397 3428">
    <p class='ocr_par' dir='ltr' id='par_1_10' title="bbox 98 3131 1397 3428">
     <span class='ocr_line' id='line_1_22' title="bbox 168 3131 1397 3242; baseline -0.002 -46"><span class='ocrx_word' id='word_1_155' title='bbox 168 3131 258 3216; x_wconf 87' lang='lat' dir='ltr'>[Deo.</span> <span class='ocrx_word' id='word_1_156' title='bbox 275 3135 326 3208; x_wconf 86' lang='lat'>30,</span> <span class='ocrx_word' id='word_1_157' title='bbox 345 3133 443 3217; x_wconf 91' lang='grc'><strong>1300]</strong></span> <span class='ocrx_word' id='word_1_158' title='bbox 490 3131 730 3220; x_wconf 78' lang='lat' dir='ltr'>‘Congregaoio</span> <span class='ocrx_word' id='word_1_159' title='bbox 746 3132 882 3195; x_wconf 81' lang='lat' dir='ltr'><strong>fratrum</strong></span> <span class='ocrx_word' id='word_1_160' title='bbox 898 3131 952 3195; x_wconf 93' lang='lat' dir='ltr'>die</span> <span class='ocrx_word' id='word_1_161' title='bbox 971 3131 1097 3196; x_wconf 90' lang='lat' dir='ltr'>veneris</span> <span class='ocrx_word' id='word_1_162' title='bbox 1113 3132 1147 3195; x_wconf 92' lang='lat' dir='ltr'>in</span> <span class='ocrx_word' id='word_1_163' title='bbox 1163 3133 1261 3217; x_wconf 90' lang='lat' dir='ltr'>septi·</span> <span class='ocrx_word' id='word_1_164' title='bbox 1276 3153 1397 3242; x_wconf 58' lang='lat' dir='ltr'>poam</span> 
     </span>
     <span class='ocr_line' id='line_1_23' title="bbox 99 3212 1325 3331; baseline 0.002 -31"><span class='ocrx_word' id='word_1_165' title='bbox 99 3259 198 3301; x_wconf 83' lang='lat' dir='ltr'>mana</span> <span class='ocrx_word' id='word_1_166' title='bbox 221 3236 351 3301; x_wconf 85' lang='lat' dir='ltr'>Natalis</span> <span class='ocrx_word' id='word_1_167' title='bbox 374 3235 498 3300; x_wconf 92' lang='lat' dir='ltr'>domini</span> <span class='ocrx_word' id='word_1_168' title='bbox 528 3259 613 3300; x_wconf 89' lang='lat' dir='ltr'>anno</span> <span class='ocrx_word' id='word_1_169' title='bbox 638 3235 747 3324; x_wconf 82' lang='lat' dir='ltr'>gracie</span> <span class='ocrx_word' id='word_1_170' title='bbox 773 3243 815 3299; x_wconf 81' lang='grc' dir='ltr'>Μ0</span> <span class='ocrx_word' id='word_1_171' title='bbox 839 3245 906 3301; x_wconf 89' lang='lat' dir='ltr'>oco⁰</span> <span class='ocrx_word' id='word_1_172' title='bbox 929 3237 1148 3331; x_wconf 79' lang='lat' dir='ltr'>contingente,</span> <span class='ocrx_word' id='word_1_173' title='bbox 1177 3261 1263 3302; x_wconf 90' lang='lat' dir='ltr'>anno</span> <span class='ocrx_word' id='word_1_174' title='bbox 1295 3212 1325 3243; x_wconf 51' lang='grc' dir='ltr'>οη</span> 
     </span>
     <span class='ocr_line' id='line_1_24' title="bbox 98 3340 1384 3428; baseline 0.002 -24"><span class='ocrx_word' id='word_1_175' title='bbox 98 3342 191 3428; x_wconf 86' lang='lat' dir='ltr'>regni</span> <span class='ocrx_word' id='word_1_176' title='bbox 207 3341 293 3426; x_wconf 87' lang='lat' dir='ltr'>regis</span> <span class='ocrx_word' id='word_1_177' title='bbox 308 3341 459 3404; x_wconf 84' lang='lat' dir='ltr'>Edwardi</span> <span class='ocrx_word' id='word_1_178' title='bbox 475 3340 536 3404; x_wconf 88' lang='lat' dir='ltr'>filii</span> <span class='ocrx_word' id='word_1_179' title='bbox 552 3341 638 3427; x_wconf 85' lang='lat' dir='ltr'>regis</span> <span class='ocrx_word' id='word_1_180' title='bbox 655 3340 791 3405; x_wconf 85' lang='lat' dir='ltr'>Henrioi</span> <span class='ocrx_word' id='word_1_181' title='bbox 806 3349 864 3404; x_wconf 89' lang='lat' dir='ltr'>xx⁰</span> <span class='ocrx_word' id='word_1_182' title='bbox 880 3364 972 3407; x_wconf 94' lang='lat' dir='ltr'>nono.</span> <span class='ocrx_word' id='word_1_183' title='bbox 1011 3342 1262 3407; x_wconf 84' lang='lat' dir='ltr'>Consideratum</span> <span class='ocrx_word' id='word_1_184' title='bbox 1276 3351 1384 3392; x_wconf 63' lang='lat' dir='ltr'>aarum</span> 
     </span>
    </p>
   </div>
   <div class='ocr_carea' id='block_1_10' title="bbox 1275 3400 1406 3440">
    <p class='ocr_par' dir='ltr' id='par_1_11' title="bbox 1275 3400 1406 3440">
     <span class='ocr_line' id='line_1_25' title="bbox 1275 3400 1406 3440; baseline 0 0"><span class='ocrx_word' id='word_1_185' title='bbox 1275 3400 1320 3440; x_wconf 72' lang='lat' dir='ltr'>and</span> <span class='ocrx_word' id='word_1_186' title='bbox 1329 3400 1406 3440; x_wconf 69' lang='lat' dir='ltr'>metare</span> 
     </span>
    </p>
   </div>
   <div class='ocr_carea' id='block_1_11' title="bbox 99 3445 1415 3536">
    <p class='ocr_par' dir='ltr' id='par_1_12' title="bbox 99 3445 1415 3536">
     <span class='ocr_line' id='line_1_26' title="bbox 99 3445 1415 3536; baseline -0.002 -24"><span class='ocrx_word' id='word_1_187' title='bbox 99 3455 132 3511; x_wconf 89' lang='lat' dir='ltr'>et</span> <span class='ocrx_word' id='word_1_188' title='bbox 153 3454 318 3510; x_wconf 84' lang='lat' dir='ltr'>statutum</span> <span class='ocrx_word' id='word_1_189' title='bbox 340 3445 404 3508; x_wconf 89' lang='lat' dir='ltr'>fuit</span> <span class='ocrx_word' id='word_1_190' title='bbox 426 3445 573 3510; x_wconf 89' lang='lat' dir='ltr'>unanimi</span> <span class='ocrx_word' id='word_1_191' title='bbox 595 3467 728 3510; x_wconf 85' lang='lat' dir='ltr'>assensu</span> <span class='ocrx_word' id='word_1_192' title='bbox 748 3446 894 3510; x_wconf 87' lang='lat' dir='ltr'>omnium</span> <span class='ocrx_word' id='word_1_193' title='bbox 911 3448 1047 3510; x_wconf 81' lang='lat' dir='ltr'>fratrum</span> <span class='ocrx_word' id='word_1_194' title='bbox 1069 3457 1103 3512; x_wconf 87' lang='lat' dir='ltr'>et</span> <span class='ocrx_word' id='word_1_195' title='bbox 1118 3470 1261 3512; x_wconf 86' lang='lat' dir='ltr'>sororum</span> <span class='ocrx_word' id='word_1_196' title='bbox 1275 3448 1415 3536; x_wconf 43' lang='lat' dir='ltr'>&amp;3²¹3ssss</span> 
     </span>
    </p>
   </div>
   <div class='ocr_carea' id='block_1_12' title="bbox 99 3547 1206 3634">
    <p class='ocr_par' dir='ltr' id='par_1_13' title="bbox 99 3547 1206 3634">
     <span class='ocr_line' id='line_1_27' title="bbox 99 3547 1206 3634; baseline 0.003 -21"><span class='ocrx_word' id='word_1_197' title='bbox 99 3557 179 3614; x_wconf 86' lang='lat' dir='ltr'>tuno</span> <span class='ocrx_word' id='word_1_198' title='bbox 199 3547 405 3634; x_wconf 84' lang='lat' dir='ltr'>presencium</span> <span class='ocrx_word' id='word_1_199' title='bbox 427 3549 513 3634; x_wconf 93' lang='lat' dir='ltr'>quod</span> <span class='ocrx_word' id='word_1_200' title='bbox 535 3549 672 3632; x_wconf 86' lang='lat' dir='ltr'>singulis</span> <span class='ocrx_word' id='word_1_201' title='bbox 692 3549 786 3612; x_wconf 84' lang='lat' dir='ltr'>annis</span> <span class='ocrx_word' id='word_1_202' title='bbox 807 3549 1048 3634; x_wconf 84' lang='lat' dir='ltr'>imperpetuum</span> <span class='ocrx_word' id='word_1_203' title='bbox 1071 3551 1104 3614; x_wconf 91' lang='lat' dir='ltr'>in</span> <span class='ocrx_word' id='word_1_204' title='bbox 1121 3562 1206 3616; x_wconf 85' lang='lat' dir='ltr'>crast</span> 
     </span>
    </p>
   </div>
   <div class='ocr_carea' id='block_1_13' title="bbox 100 3637 1414 3742">
    <p class='ocr_par' dir='ltr' id='par_1_14' title="bbox 100 3637 1414 3742">
     <span class='ocr_line' id='line_1_28' title="bbox 100 3637 1414 3742; baseline 0.005 -23"><span class='ocrx_word' id='word_1_205' title='bbox 100 3653 366 3720; x_wconf 80' lang='lat' dir='ltr'>Circumcisionis</span> <span class='ocrx_word' id='word_1_206' title='bbox 384 3652 520 3716; x_wconf 88' lang='lat' dir='ltr'>Domini</span> <span class='ocrx_word' id='word_1_207' title='bbox 535 3654 730 3718; x_wconf 84' lang='lat' dir='ltr'>conveniant</span> <span class='ocrx_word' id='word_1_208' title='bbox 746 3676 858 3718; x_wconf 88' lang='lat' dir='ltr'>omnes</span> <span class='ocrx_word' id='word_1_209' title='bbox 877 3655 992 3720; x_wconf 85' lang='lat' dir='ltr'>fratres</span> <span class='ocrx_word' id='word_1_210' title='bbox 1011 3665 1046 3720; x_wconf 86' lang='lat' dir='ltr'>et</span> <span class='ocrx_word' id='word_1_211' title='bbox 1066 3679 1188 3721; x_wconf 81' lang='lat' dir='ltr'>sorores</span> <span class='ocrx_word' id='word_1_212' title='bbox 1205 3657 1263 3742; x_wconf 91' lang='lat' dir='ltr'>qui</span> <span class='ocrx_word' id='word_1_213' title='bbox 1275 3637 1414 3733; x_wconf 45' lang='lat' dir='ltr'>iillum</span> 
     </span>
    </p>
   </div>
   <div class='ocr_carea' id='block_1_14' title="bbox 99 3731 1429 3867">
    <p class='ocr_par' dir='ltr' id='par_1_15' title="bbox 99 3731 1429 3867">
     <span class='ocr_line' id='line_1_29' title="bbox 99 3731 1429 3867; baseline 0.001 -48"><span class='ocrx_word' id='word_1_214' title='bbox 99 3757 262 3842; x_wconf 80' lang='lat' dir='ltr'>legittime</span> <span class='ocrx_word' id='word_1_215' title='bbox 285 3779 350 3820; x_wconf 91' lang='lat' dir='ltr'>non</span> <span class='ocrx_word' id='word_1_216' title='bbox 373 3756 498 3820; x_wconf 89' lang='lat' dir='ltr'>fuerint</span> <span class='ocrx_word' id='word_1_217' title='bbox 518 3756 670 3842; x_wconf 87' lang='lat' dir='ltr'>impediti</span> <span class='ocrx_word' id='word_1_218' title='bbox 693 3768 766 3842; x_wconf 88' lang='lat' dir='ltr'>post</span> <span class='ocrx_word' id='word_1_219' title='bbox 788 3759 921 3822; x_wconf 87' lang='lat' dir='ltr'>missam</span> <span class='ocrx_word' id='word_1_220' title='bbox 944 3759 1176 3824; x_wconf 82' lang='lat' dir='ltr'>matutinalem</span> <span class='ocrx_word' id='word_1_221' title='bbox 1198 3760 1263 3826; x_wconf 91' lang='lat' dir='ltr'>diei</span> <span class='ocrx_word' id='word_1_222' title='bbox 1275 3732 1345 3867; x_wconf 58' lang='lat' dir='ltr'>lili</span> <span class='ocrx_word' id='word_1_223' title='bbox 1346 3731 1429 3821; x_wconf 53' lang='lat' dir='ltr'>”llll</span> 
     </span>
    </p>
   </div>
   <div class='ocr_carea' id='block_1_15' title="bbox 99 3837 1423 3963">
    <p class='ocr_par' dir='ltr' id='par_1_16' title="bbox 99 3837 1423 3963">
     <span class='ocr_line' id='line_1_30' title="bbox 99 3837 1423 3963; baseline 0.007 -40"><span class='ocrx_word' id='word_1_224' title='bbox 99 3861 138 3924; x_wconf 85' lang='lat' dir='ltr'>ad</span> <span class='ocrx_word' id='word_1_225' title='bbox 172 3859 343 3924; x_wconf 86' lang='lat' dir='ltr'>ecelesiam</span> <span class='ocrx_word' id='word_1_226' title='bbox 374 3868 487 3924; x_wconf 81' lang='lat' dir='ltr'>sancte</span> <span class='ocrx_word' id='word_1_227' title='bbox 515 3859 618 3924; x_wconf 85' lang='lat' dir='ltr'>Marie</span> <span class='ocrx_word' id='word_1_228' title='bbox 650 3859 784 3947; x_wconf 84' lang='lat' dir='ltr'>virginis</span> <span class='ocrx_word' id='word_1_229' title='bbox 815 3870 849 3924; x_wconf 88' lang='lat' dir='ltr'>et</span> <span class='ocrx_word' id='word_1_230' title='bbox 879 3861 925 3926; x_wconf 94' lang='lat' dir='ltr'>ibi</span> <span class='ocrx_word' id='word_1_231' title='bbox 955 3862 1077 3927; x_wconf 86' lang='lat' dir='ltr'>faciant</span> <span class='ocrx_word' id='word_1_232' title='bbox 1107 3863 1263 3928; x_wconf 86' lang='lat' dir='ltr'>celebrari</span> <span class='ocrx_word' id='word_1_233' title='bbox 1275 3837 1377 3963; x_wconf 50' lang='grc' dir='ltr'>Ξὲωξτ</span> <span class='ocrx_word' id='word_1_234' title='bbox 1385 3923 1423 3963; x_wconf 74' lang='lat' dir='ltr'>ine</span> 
     </span>
    </p>
   </div>
   <div class='ocr_carea' id='block_1_16' title="bbox 101 3965 1418 4200">
    <p class='ocr_par' dir='ltr' id='par_1_17' title="bbox 101 3965 1418 4200">
     <span class='ocr_line' id='line_1_31' title="bbox 101 3965 1415 4058; baseline 0.008 -31"><span class='ocrx_word' id='word_1_235' title='bbox 101 3966 233 4028; x_wconf 82' lang='lat' dir='ltr'>missam</span> <span class='ocrx_word' id='word_1_236' title='bbox 256 3965 456 4050; x_wconf 87' lang='lat' dir='ltr'>solempnem</span> <span class='ocrx_word' id='word_1_237' title='bbox 480 3987 537 4050; x_wconf 92' lang='lat' dir='ltr'>pro</span> <span class='ocrx_word' id='word_1_238' title='bbox 561 3965 715 4029; x_wconf 84' lang='lat' dir='ltr'>fratribus</span> <span class='ocrx_word' id='word_1_239' title='bbox 739 3975 772 4029; x_wconf 89' lang='lat' dir='ltr'>et</span> <span class='ocrx_word' id='word_1_240' title='bbox 795 3966 956 4030; x_wconf 87' lang='lat' dir='ltr'>sororibus</span> <span class='ocrx_word' id='word_1_241' title='bbox 979 3967 1066 4032; x_wconf 86' lang='lat' dir='ltr'>dicte</span> <span class='ocrx_word' id='word_1_242' title='bbox 1090 3967 1185 4032; x_wconf 84' lang='lat' dir='ltr'>Gilde</span> <span class='ocrx_word' id='word_1_243' title='bbox 1208 3967 1263 4033; x_wconf 91' lang='lat' dir='ltr'>de·</span> <span class='ocrx_word' id='word_1_244' title='bbox 1276 3969 1415 4058; x_wconf 50' lang='lat' dir='ltr'>{efflen-</span> 
     </span>
     <span class='ocr_line' id='line_1_32' title="bbox 101 4065 1418 4162; baseline 0.01 -32"><span class='ocrx_word' id='word_1_245' title='bbox 101 4067 222 4134; x_wconf 85' lang='lat' dir='ltr'>funotis</span> <span class='ocrx_word' id='word_1_246' title='bbox 238 4067 298 4132; x_wconf 84' lang='lat' dir='ltr'>sub</span> <span class='ocrx_word' id='word_1_247' title='bbox 314 4090 400 4153; x_wconf 89' lang='lat' dir='ltr'>pena</span> <span class='ocrx_word' id='word_1_248' title='bbox 415 4069 491 4133; x_wconf 90' lang='lat' dir='ltr'>dim.</span> <span class='ocrx_word' id='word_1_249' title='bbox 509 4067 590 4132; x_wconf 89' lang='lat' dir='ltr'>libre</span> <span class='ocrx_word' id='word_1_250' title='bbox 606 4089 686 4133; x_wconf 89' lang='lat' dir='ltr'>cere.</span> <span class='ocrx_word' id='word_1_251' title='bbox 1277 4065 1418 4162; x_wconf 54' lang='grc' dir='ltr'>ξξζῖῗρμι,</span> 
     </span>
     <span class='ocr_line' id='line_1_33' title="bbox 1278 4171 1326 4200; baseline 0.021 -1"><span class='ocrx_word' id='word_1_252' title='bbox 1278 4171 1326 4200; x_wconf 66' lang='lat' dir='ltr'>Wss</span> 
     </span>
    </p>
   </div>
   <div class='ocr_carea' id='block_1_17' title="bbox 100 4261 1266 4496">
    <p class='ocr_par' dir='ltr' id='par_1_18' title="bbox 100 4261 1266 4496">
     <span class='ocr_line' id='line_1_34' title="bbox 148 4261 1266 4333; baseline 0.004 -22"><span class='ocrx_word' id='word_1_253' title='bbox 148 4261 159 4294; x_wconf 88' lang='lat'>¹</span> <span class='ocrx_word' id='word_1_254' title='bbox 177 4263 212 4312; x_wconf 80' lang='lat' dir='ltr'>At</span> <span class='ocrx_word' id='word_1_255' title='bbox 222 4261 268 4312; x_wconf 87' lang='lat' dir='ltr'>the</span> <span class='ocrx_word' id='word_1_256' title='bbox 279 4262 346 4312; x_wconf 78' lang='lat' dir='ltr'>head</span> <span class='ocrx_word' id='word_1_257' title='bbox 358 4262 403 4314; x_wconf 85' lang='lat' dir='ltr'>the</span> <span class='ocrx_word' id='word_1_258' title='bbox 414 4279 507 4314; x_wconf 80' lang='lat' dir='ltr'>names</span> <span class='ocrx_word' id='word_1_259' title='bbox 519 4263 610 4315; x_wconf 83' lang='lat' dir='ltr'>Simon</span> <span class='ocrx_word' id='word_1_260' title='bbox 623 4263 759 4314; x_wconf 83' lang='lat' dir='ltr'>Godeman</span> <span class='ocrx_word' id='word_1_261' title='bbox 774 4265 828 4315; x_wconf 83' lang='lat' dir='ltr'>and</span> <span class='ocrx_word' id='word_1_262' title='bbox 840 4266 928 4316; x_wconf 81' lang='lat' dir='ltr'>others</span> <span class='ocrx_word' id='word_1_263' title='bbox 942 4281 986 4316; x_wconf 83' lang='lat' dir='ltr'>are</span> <span class='ocrx_word' id='word_1_264' title='bbox 1001 4265 1122 4330; x_wconf 82' lang='lat' dir='ltr'>repeated</span> <span class='ocrx_word' id='word_1_265' title='bbox 1137 4268 1176 4333; x_wconf 76' lang='lat' dir='ltr'>(aa</span> <span class='ocrx_word' id='word_1_266' title='bbox 1187 4267 1266 4316; x_wconf 80' lang='lat' dir='ltr'>above</span> 
     </span>
     <span class='ocr_line' id='line_1_35' title="bbox 100 4344 809 4412; baseline 0.003 -18"><span class='ocrx_word' id='word_1_267' title='bbox 100 4344 199 4412; x_wconf 87' lang='lat' dir='ltr'>noted).</span> <span class='ocrx_word' id='word_1_268' title='bbox 708 4347 718 4378; x_wconf 81' lang='lat'>²</span> <span class='ocrx_word' id='word_1_269' title='bbox 735 4349 809 4398; x_wconf 83' lang='lat'>1300.</span> 
     </span>
     <span class='ocr_line' id='line_1_36' title="bbox 147 4428 1266 4496; baseline 0.005 -20"><span class='ocrx_word' id='word_1_270' title='bbox 147 4428 158 4461; x_wconf 80' lang='lat'>³</span> <span class='ocrx_word' id='word_1_271' title='bbox 176 4429 250 4478; x_wconf 80' lang='lat'><strong>1304.</strong></span> <span class='ocrx_word' id='word_1_272' title='bbox 541 4429 552 4461; x_wconf 85' lang='lat'><strong>⁴</strong></span> <span class='ocrx_word' id='word_1_273' title='bbox 568 4430 600 4479; x_wconf 92' lang='lat' dir='ltr'>In</span> <span class='ocrx_word' id='word_1_274' title='bbox 613 4430 658 4480; x_wconf 87' lang='lat' dir='ltr'>the</span> <span class='ocrx_word' id='word_1_275' title='bbox 669 4430 771 4492; x_wconf 78' lang='lat' dir='ltr'>margin</span> <span class='ocrx_word' id='word_1_276' title='bbox 786 4430 960 4482; x_wconf 82' lang='lat' dir='ltr'>“Ordinaoio.</span> <span class='ocrx_word' id='word_1_277' title='bbox 988 4430 1145 4484; x_wconf 79' lang='lat' dir='ltr'>Inseribitur</span> <span class='ocrx_word' id='word_1_278' title='bbox 1156 4447 1201 4496; x_wconf 88' lang='lat' dir='ltr'>per</span> <span class='ocrx_word' id='word_1_279' title='bbox 1213 4433 1266 4482; x_wconf 76' lang='lat' dir='ltr'>ae.‘’</span> 
     </span>
    </p>
   </div>
   <div class='ocr_carea' id='block_1_18' title="bbox 1093 4535 1178 4596">
    <p class='ocr_par' dir='ltr' id='par_1_19' title="bbox 1093 4535 1178 4596">
     <span class='ocr_line' id='line_1_37' title="bbox 1093 4535 1178 4596; baseline 0 0"><span class='ocrx_word' id='word_1_280' title='bbox 1093 4535 1178 4596; x_wconf 79' lang='lat'>1-2</span> 
     </span>
    </p>
   </div>
   <div class='ocr_carea' id='block_1_19' title="bbox 0 0 1602 5120">
    <p class='ocr_par' dir='ltr' id='par_1_20' title="bbox 0 0 1602 5120">
     <span class='ocr_line' id='line_1_38' title="bbox 0 0 1602 5120; baseline 0 1"><span class='ocrx_word' id='word_1_281' title='bbox 0 0 1602 5120; x_wconf 95' lang='lat' dir='ltr'> </span> 
     </span>
    </p>
   </div>
  </div>
 </body>
</html>
