3170 5104
319 349 362 412 50
719 368 922 418 effluamus
943 370 1052 420 aruns.

384 520 542 608 Simelryn
558 523 704 588 Simeon¹
719 525 859 610 armiger
873 525 996 590 domini
1017 525 1110 592 ducis
1130 527 1320 593 Lancastrie
1341 527 1487 592 intravit

318 623 567 690 fraternitatem.

383 728 546 794 Dominus
562 731 702 796 Thomas
718 732 914 797 Haselerton
931 733 1041 798 Miles²
1061 744 1096 799 et
1117 735 1249 799 domina
1269 735 1378 799 Alioia
1398 757 1487 798 uxor

318 832 388 917 ejus
403 833 609 900 intraverunt
625 837 872 902 fraternitatem.

383 938 545 1005 Dominus
570 941 739 1006 Johannes
765 942 899 1007 Rotseie
925 943 965 1008 de
990 944 1141 1021 Harlton‚
1166 943 1267 1021 miles,
1290 951 1325 1008 et
1347 944 1487 1008 domina

318 1042 442 1107 Oeoilia
463 1066 545 1109 uxor
566 1045 637 1130 ejus
659 1046 869 1111 intraveram
892 1047 1144 1112 fraternitatem.

384 1147 584 1232 Reginaldus
599 1149 640 1214 de
667 1151 868 1237 Wygenhale
891 1159 926 1216 et
947 1151 1059 1237 Agnes
1081 1174 1162 1215 uxor
1182 1151 1253 1237 ejus
1274 1152 1487 1216 intraverunt

318 1251 559 1316 fraternitatem
586 1262 621 1318 et
650 1253 812 1318 dederunt
842 1255 1017 1319 elemosine
1043 1278 1117 1319 xxx.
1127 1277 1150 1320 r.
1176 1264 1210 1319 et
1236 1277 1350 1318 ceram.
1396 1253 1484 1337 †sol.

318 1377 424 1420 ceram
456 1357 569 1441 Hardy
596 1371 630 1422 et
660 1359 784 1424 habent
814 1360 900 1423 diem
931 1360 965 1423 in
997 1361 1078 1424 festo
1110 1359 1259 1444 Corporis
1287 1359 1411 1425 Christi
1440 1360 1485 1424 de

318 1463 450 1546 xanals
480 1459 631 1544 J[soluit's
646 1471 753 1527 totum
770 1463 900 1527 domino
915 1464 937 1528 J
940 1463 1062 1528 ohanni
1080 1463 1120 1528 de
1137 1463 1350 1527 Teversham³
1370 1465 1481 1548 capel-

318 1565 392 1629 lano
407 1588 465 1652 per
479 1589 596 1631 manus
611 1566 633 1631 J
635 1566 771 1630 ohannis
783 1566 898 1653 Hardy
910 1567 944 1630 in
960 1567 1128 1653 presencia
1141 1567 1289 1654 magistri
1301 1576 1336 1631 et
1352 1567 1483 1632 domini

317 1670 441 1735 Thome
464 1669 636 1757 Caumpes

666 1955 697 2018 A
719 1963 867 2040 separate
889 1954 961 2019 leaf.
1006 1955 1131 2038 [1353]

383 2125 546 2191 Henrious
562 2126 641 2191 Soot
656 2126 788 2190 mellere
805 2134 839 2190 et
860 2126 971 2213 Agnes
992 2149 1074 2190 uxor
1095 2127 1165 2211 ejus
1186 2126 1394 2192 intraverunt
1414 2128 1481 2192 fra-

317 2230 507 2296 ternitatem
529 2240 562 2318 et
583 2231 745 2295 dederunt
766 2229 939 2294 elemosine
957 2229 971 2314 j
995 2252 1091 2293 marc.
1114 2241 1148 2294 et
1169 2253 1282 2294 ceram.
1329 2231 1385 2296 sol.
1409 2229 1481 2316 [ad]

316 2336 437 2400 festum
461 2335 632 2400 Michaelis
654 2356 793 2419 sequens
815 2356 873 2419 per
895 2333 1039 2418 plegium
1066 2333 1225 2398 Willelmi
1247 2333 1418 2419 Ohapman
1444 2345 1481 2400 et

317 2439 407 2504 Petri
422 2439 488 2503 cooi
504 2449 538 2504 et
558 2439 599 2503 de
620 2439 902 2522 feof[ament0](l)
925 2437 1009 2523 [per]
1029 2447 1136 2502 certos
1157 2438 1305 2502 homines
1326 2439 1367 2502 de
1388 2439 1480 2523 gilda

315 2542 350 2606 in
372 2566 437 2607 uno
458 2543 624 2628 mesuagio
629 2591 884 2606 ..................
888 2549 1011 2606 statum
1033 2542 1102 2606 vite
1123 2565 1181 2607 sue
1202 2552 1236 2607 et
1257 2543 1374 2607 uxoris
1420 2545 1478 2610 sol.

316 2669 411 2712 marc.

383 2749 483 2813 Henr.
497 2749 666 2832 Besent(f)
678 2758 713 2814 et
724 2749 830 2814 Alieia
843 2772 923 2814 uxor
934 2749 1005 2834 ejus
1016 2749 1222 2814 intraverunt
1234 2750 1477 2815 fraternitatem

317 2863 351 2920 et
366 2854 527 2919 dederunt
544 2877 585 2917 xx
595 2876 620 2919 s.
665 2852 816 2940 †soluit†
832 2878 860 2919 x.
870 2877 893 2918 s.
911 2868 944 2918 et
960 2854 1003 2938 xij
1012 2855 1042 2919 d.
1058 2874 1115 2938 pro
1130 2875 1204 2918 cera
1219 2853 1413 2938 th[esaurie]

381 2959 449 3024 Rie.
467 2958 569 3022 Hales
584 2958 683 3024 soluit
699 2959 775 3022 dim.
793 2980 887 3022 marc.
904 2958 1026 3042 Hardy.

382 3065 481 3148 Hugo
506 3063 628 3127 Hatter
651 3071 686 3126 et
712 3063 852 3126 Matilda
878 3060 1042 3147 quondam
1067 3083 1148 3125 uxor
1173 3061 1244 3146 ejus
1269 3062 1479 3130 intraverunt

316 3167 553 3257 fraternitatem
571 3177 605 3231 et
620 3167 781 3230 dederunt
798 3167 822 3251 j.
840 3165 1064 3252 mesuaggium
1080 3163 1258 3250 fjacente'r
1273 3165 1309 3228 in
1325 3167 1479 3250 parochia

314 3273 411 3338 beate
429 3271 547 3336 Marie⁴
561 3280 596 3336 et
607 3272 769 3336 dederunt
784 3270 838 3355 xij.
850 3270 879 3334 d.
896 3290 1046 3354 procera.
1077 3269 1132 3333 sol.
1145 3291 1251 3334 ceram
1265 3270 1476 3337 thesaurario.

379 3377 546 3441 lohannes
574 3375 724 3439 Walsohe
755 3373 795 3438 de
826 3373 1021 3458 Trumpiton
1048 3380 1082 3436 et
1109 3373 1261 3436 Johanna
1289 3395 1368 3436 uxor
1394 3374 1476 3460 ejus,

316 3483 432 3546 Petrus
459 3488 494 3544 et
525 3478 664 3543 Matilda
693 3485 786 3563 pater
816 3486 848 3541 et
880 3488 984 3540 mater
1010 3475 1095 3540 dicte
1122 3473 1283 3553 Johanne‚
1306 3477 1477 3543 Johannes

314 3595 409 3672 pater
438 3584 519 3648 dieti
549 3583 709 3647 Johannis
739 3583 946 3646 intraverunt
977 3580 1216 3644 fraternitatem
1249 3591 1282 3644 et
1312 3580 1477 3647 dederunt
1578 3588 1582 3615 ¹

314 3688 489 3756 elemosine
512 3709 576 3750 xxx
586 3709 609 3752 s.
631 3695 665 3751 et
687 3685 756 3771 'fxij
769 3687 824 3772 cllr
847 3707 905 3772 pro
929 3707 1008 3749 nera.
1054 3685 1108 3748 sol.
1133 3707 1238 3748 ceram
1262 3682 1318 3767 †J.
1342 3685 1477 3772 Hardilt
1578 3776 1583 3785 Ι

314 3793 478 3860 thesaurie
487 3815 546 3878 per
556 3790 724 3878 imanuslf
736 3791 929 3876 magistrum
939 3789 962 3854 J
964 3839 970 3854 .
984 3788 1098 3874 Hardy
1111 3812 1152 3852 xx
1164 3812 1188 3853 a
1218 3790 1273 3852 sol.
1290 3789 1477 3856 thesaurie:

313 3895 464 3981 †debet†
484 3919 537 3962 xa.
559 3906 593 3960 et
607 3896 730 3960 habent
746 3895 833 3958 diem
849 3892 890 3958 ad
912 3891 1102 3956 solvendum
1124 3891 1158 3954 in
1183 3892 1265 3956 festo
1287 3892 1478 3960 nativitatis

314 4003 417 4069 saneti
439 4001 601 4068 Johannis
623 3999 775 4084 baptiste.
820 3995 970 4081 †soluit†
992 4005 1100 4060 totum
1125 3996 1300 4062 thesaurie.

524 4153 534 4185 ¹
551 4155 677 4202 Leicester
688 4151 804 4210 Recorda
818 4165 847 4200 11.
860 4166 885 4214 p.
898 4150 938 4210 80,
954 4147 1006 4198 and
1018 4163 1041 4211 p.
1057 4148 1128 4196 lxxv.

524 4235 535 4267 ²
550 4234 719 4284 Benefaotors
730 4236 757 4282 to
770 4233 880 4282 Miohael
892 4231 992 4280 Honse.
1026 4229 1145 4289 Masters¹
1158 4246 1184 4293 p.
1197 4233 1221 4280 5.

523 4319 534 4352 ³
550 4319 678 4369 AFellow
689 4318 718 4367 of
727 4317 773 4366 the
785 4317 895 4379 college,
909 4319 994 4366 rector
1005 4315 1034 4364 of
1043 4314 1209 4365 Landbeaeh.

523 4402 535 4440 ⁴
552 4402 600 4454 See
611 4397 754 4463 Appendix,
766 4399 815 4450 No.
829 4400 870 4447 41.
905 4398 954 4460 Ap.
967 4399 991 4456 7,
1005 4399 1079 4448 1353.
