3152 5104
260 430 323 492 142
674 439 877 490 csnnmncn
899 440 1008 488 orans.

261 594 383 649 altitudo
402 595 497 648 omnia
515 592 629 647 subesse
646 592 786 663 disposuit
804 593 927 647 humane
945 597 1078 656 creature,
1096 598 1126 648 et
1143 611 1228 665 super
1244 611 1342 648 omnes
1357 596 1429 649 elias

261 687 405 736 creaturas
417 681 508 736 eidem
520 681 701 734 contulerunt
709 679 838 734 divinum
850 681 1048 751 principatum,
1057 681 1188 736 Christus
1200 683 1287 737 etiam
1298 683 1343 737 dei
1353 684 1429 738 filius

260 788 311 841 pro
323 770 517 840 redempcione
529 769 638 838 generis
650 769 776 835 humani,
788 768 824 823 de
840 770 960 824 summis
975 771 1098 824 celorum
1110 771 1146 825 ad
1163 789 1229 842 yma
1245 772 1428 842 descendens,

258 875 370 912 omnem
388 857 503 912 modum
521 856 682 911 dileccionis
700 857 842 925 excedens,
862 863 892 911 et
915 875 1027 911 omnem
1052 859 1258 928 plenitudinem
1276 860 1426 930 largitatis,

257 946 382 1016 seipsum
406 949 499 999 totum
520 945 550 998 in
572 944 666 999 cibum
690 949 719 998 et
740 949 840 1014 potum
864 945 924 998 suis
945 939 1074 999 fidelibus
1095 947 1216 1000 contulit
1237 947 1273 1000 ad
1294 947 1426 1016 salutem,

257 1037 287 1088 et
311 1051 362 1104 pro
387 1034 494 1088 eisdem
516 1039 636 1087 mortem
658 1033 773 1088 tandem
793 1034 881 1088 subiit
902 1034 1094 1103 temporalem,
1114 1041 1148 1088 ut
1169 1035 1244 1105 ipsos
1265 1037 1427 1091 divinitatis

255 1139 306 1176 sue
322 1120 459 1175 tribueret
475 1138 536 1174 esse
553 1120 704 1190 participes
720 1125 749 1174 et
765 1120 875 1174 celestis
894 1120 1014 1174 efficeret
1033 1120 1217 1175 beatitudinis
1235 1140 1425 1192 possessores:

257 1209 292 1263 In
316 1209 397 1279 cujus
418 1208 533 1278 quidem
558 1208 740 1262 institucione
764 1209 939 1275 sacramenti,
964 1209 1060 1262 volens
1085 1227 1135 1263 nos
1159 1227 1220 1264 esse
1244 1228 1356 1281 semper
1379 1214 1425 1267 sui

254 1313 392 1350 memores
416 1297 540 1366 seipsum
564 1295 646 1349 nobis
670 1300 763 1349 totum
787 1295 903 1366 reliquit
927 1297 957 1350 in
981 1303 1189 1352 sacramentum
1211 1306 1240 1353 et
1261 1301 1425 1356 memoriale

255 1383 403 1453 perhenne,
425 1383 529 1452 quibus
554 1384 679 1453 pensatis
703 1383 791 1436 nichil
815 1382 985 1452 condignum
1009 1385 1149 1454 reperitur
1172 1386 1248 1454 quod
1272 1387 1358 1441 homo
1382 1406 1424 1442 re·

254 1470 375 1541 pendere
387 1471 479 1524 valeat
491 1487 542 1524 suo
554 1471 687 1535 creatori;
708 1471 869 1539 Verumque
881 1471 911 1524 in
924 1472 1152 1540 frequentscione
1164 1474 1283 1528 misterii
1296 1474 1425 1545 ejusdem

254 1559 370 1612 maximi
386 1563 416 1612 et
432 1559 630 1628 preciosissimi
645 1559 813 1612 sacramenti
828 1558 932 1613 nedum
951 1560 1051 1614 crescit
1069 1565 1164 1615 nostre
1182 1562 1283 1617 salutis
1297 1563 1424 1632 effectus,

253 1645 303 1700 sed
321 1645 508 1700 hereticorum
526 1646 643 1717 perfidia
662 1648 820 1717 specialiter
836 1648 1026 1715 confunditur,
1040 1649 1109 1703 fides
1125 1652 1257 1705 cattolica
1274 1651 1425 1706 roboratur

254 1739 283 1788 et
301 1740 399 1788 sancta
417 1739 508 1788 mater
525 1735 641 1788 ecclesia
658 1735 803 1788 extollitur
823 1735 950 1804 gloriosis
968 1736 1100 1792 laudibus
1118 1742 1148 1792 et
1166 1740 1314 1810 exemplis:
1341 1741 1424 1808 Quis·

253 1827 318 1896 quis
331 1826 450 1880 interius
460 1826 596 1895 premissa
605 1825 783 1879 considerans
792 1826 898 1879 moveri
911 1825 994 1880 debet
1007 1844 1040 1880 ex
1052 1827 1153 1880 merito
1165 1826 1201 1880 ad
1214 1827 1424 1897 procurandum

253 1919 282 1968 et
298 1913 459 1968 faciendum
475 1919 615 1985 quantum
633 1915 738 1984 poterit
754 1913 838 1968 acad
855 1914 1052 1985 exponendum
1068 1915 1093 1968 si
1108 1932 1221 1968 necesse
1239 1915 1326 1969 fuerit
1344 1934 1375 1971 se
1393 1922 1423 1971 et

253 2017 311 2065 sua,
332 2017 366 2052 ex
385 2003 446 2054 toto
465 1999 547 2053 corde
566 2005 595 2053 et
615 2016 706 2069 opere,
725 2003 759 2052 ut
778 1999 936 2068 predictum
958 2000 1117 2054 misterium
1138 2001 1168 2054 in
1188 2007 1286 2054 sancta
1305 2002 1424 2056 ecclesia

252 2087 288 2142 ad
304 2088 417 2142 laudem
434 2095 463 2143 et
479 2089 596 2159 gloriam
613 2088 763 2142 honorifice
780 2088 988 2158 frequentetur:
1010 2089 1161 2144 Presertim
1178 2107 1243 2143 cum
1261 2089 1423 2160 redemptor

252 2181 348 2230 noster
366 2176 419 2229 etsi
438 2194 537 2247 passus
556 2177 594 2230 sit
612 2194 663 2246 pro
681 2176 762 2230 nobis
784 2177 915 2230 omnibus
938 2177 1000 2231 illos
1022 2182 1118 2231 tamen
1140 2177 1170 2230 in
1192 2178 1284 2248 gracia
1306 2178 1421 2233 uberius

251 2263 439 2333 prosequitur,
465 2279 536 2332 quos
559 2262 699 2332 digniores
722 2263 849 2332 agnoscit
876 2268 905 2316 et
932 2263 1111 2317 commendat
1136 2265 1225 2334 major
1253 2265 1420 2320 excellencia

252 2349 431 2402 meritorum:
463 2348 548 2402 Absit
575 2351 664 2403 eciam
692 2350 744 2403 hoc
772 2349 825 2403 sub
854 2349 969 2403 silencio
994 2351 1122 2420 preteriri
1150 2351 1219 2420 quin
1248 2368 1299 2420 pro
1328 2353 1421 2407 salute

251 2441 349 2491 nostra
373 2438 434 2507 ipsa
459 2437 587 2507 piissima
610 2437 655 2491 dei
681 2443 772 2491 mater
796 2438 937 2508 particeps
961 2439 1011 2492 fiat
1036 2443 1131 2492 nostre
1154 2439 1313 2492 devocionis
1335 2441 1420 2494 infra·

252 2525 357 2594 scripte
381 2525 465 2578 sicuti
489 2530 518 2578 et
541 2525 603 2595 ipsa
622 2525 714 2578 fuerat
735 2527 876 2596 particeps
898 2526 1036 2596 unigeniti
1059 2527 1109 2580 fflii
1131 2527 1175 2580 sui
1197 2527 1287 2580 Jhesu
1312 2527 1420 2582 Christi

175 2623 183 2638 ·
252 2613 455 2684 preciosissimo
477 2613 623 2682 passionis,
642 2631 698 2683 que
717 2614 806 2667 eciam
824 2631 875 2684 pro
894 2613 975 2668 nobis
994 2614 1188 2684 peccatoribus
1205 2615 1281 2684 apud
1299 2615 1420 2670 eundem

252 2703 342 2756 filium
364 2719 447 2755 suum
471 2702 645 2756 incessanter
665 2701 829 2756 intercedit:
856 2702 931 2756 Hinc
953 2703 1091 2772 estquod
1113 2720 1165 2756 nos
1190 2702 1330 2756 Henricus
1355 2705 1421 2757 Dur

252 2792 422 2858 Lanoastrie,
436 2791 651 2858 Aldermannus,
669 2795 698 2844 et
719 2791 872 2844 confratres
887 2793 977 2844 nostri
994 2791 1030 2845 ab
1046 2791 1278 2846 excellentissimo
1294 2793 1421 2863 principe

250 2879 365 2934 domino
377 2882 474 2931 nostro
486 2878 600 2930 domino
617 2877 754 2931 Eduardo
771 2877 816 2930 dei
833 2878 924 2947 grania
942 2879 1014 2947 Bega
1027 2878 1128 2947 Anglie
1140 2883 1170 2931 et
1186 2877 1303 2932 Francia
1315 2879 1420 2933 illustri

251 2967 351 3021 devote
370 2965 502 3019 duximus
519 2963 697 3033 impetrandi,
711 2963 787 3033 quod
806 2965 836 3017 in
855 2963 977 3033 quodam
996 2965 1138 3034 mesuagio
1159 2969 1256 3018 nostro
1274 2983 1339 3019 cum
1358 2984 1419 3036 per-

249 3053 382 3108 tinenciis
400 3053 430 3106 in
449 3051 645 3121 Cantebriggia
663 3052 785 3105 Eliensis
803 3052 928 3119 diocesis,
942 3053 991 3106 ubi
1010 3053 1102 3122 vigere
1118 3053 1274 3107 dinoscitur
1290 3054 1419 3109 studium

248 3144 384 3214 generale,
395 3141 547 3211 quamdam
560 3140 675 3194 domum
685 3141 842 3208 scolarium,
853 3141 1059 3211 capellanorum
1069 3147 1098 3196 et
1108 3141 1226 3196 aliorum
1239 3141 1293 3196 sub
1305 3145 1420 3198 nomine

249 3231 351 3286 domus
367 3231 516 3285 scolarium
533 3229 662 3299 Corporis
679 3228 785 3283 Christi
798 3235 827 3283 et
843 3229 925 3284 beate
938 3230 1027 3284 Marie
1045 3229 1240 3300 Cantebriggie
1256 3249 1306 3301 per
1321 3249 1418 3302 quem·

249 3319 316 3374 dam
340 3319 506 3388 magistrum
531 3317 657 3388 ejusdem
681 3317 830 3386 regendam
852 3317 934 3388 juxta
956 3318 1164 3372 ordinacionem
1184 3323 1310 3372 nostram
1332 3321 1418 3375 infra·

248 3409 384 3478 scriptam
408 3407 557 3461 instituere
581 3411 609 3460 et
634 3405 752 3460 fundare
776 3406 924 3476 possimus,
945 3405 981 3460 ad
1002 3407 1091 3461 divini
1115 3407 1209 3460 cultus
1233 3413 1418 3476 augmentum

248 3496 391 3568 perpetuis
415 3495 589 3565 temporibus
613 3495 789 3562 duraturum,
810 3499 839 3548 et
858 3494 934 3564 quod
955 3495 1113 3564 predictum
1138 3495 1326 3565 messuagium
1352 3514 1418 3550 cum

248 3585 430 3657 pertinenciis
445 3584 511 3638 dare
528 3588 558 3637 et
573 3585 715 3654 assignare
731 3599 881 3652 possumus
897 3583 1031 3652 predictis
1048 3583 1182 3652 magistro
1200 3589 1229 3636 et
1247 3583 1416 3638 scolaribus:

250 3671 418 3726 Habendam
442 3675 471 3724 et
491 3670 642 3724 tenendam
662 3669 716 3724 sibi
736 3675 765 3724 et
785 3669 991 3724 successoribus
1011 3671 1070 3724 suis
1088 3687 1139 3740 pro
1158 3687 1255 3724 eorum
1276 3670 1416 3725 inhabita-

248 3761 328 3814 cione
346 3759 561 3828 imperpetuum.
600 3758 689 3827 Super
708 3775 772 3828 que,
791 3756 958 3811 venerabilis
978 3765 1059 3827 pater
1078 3756 1210 3811 dominus
1229 3757 1352 3812 Thomas
1371 3758 1417 3813 dei

248 3849 341 3921 gracia
362 3847 483 3902 Eliensis
507 3847 663 3917 Episcopus
687 3847 741 3900 loci
765 3846 931 3901 diocesanus
955 3851 1050 3900 nostre
1073 3847 1207 3917 peticioni
1231 3846 1285 3900 sibi
1310 3847 1340 3900 in
1365 3848 1417 3903 hac

248 3942 329 4009 parte
347 3936 447 3990 devote
464 3935 558 3989 oblate
576 3934 727 3989 salubriter
744 3935 902 4004 annuendo,
920 3953 952 3989 ac
970 3936 1059 3989 eciam
1077 3935 1112 3989 de
1130 3951 1260 4004 expresso
1278 3952 1417 3991 consensu

248 4114 377 4168 lanorum
393 4110 447 4165 sub
463 4111 575 4164 nomine
587 4109 688 4164 domus
700 4112 854 4162 memorate
866 4125 916 4178 per
928 4125 979 4161 nos
992 4125 1073 4177 posse
1085 4107 1205 4175 fundari,
1219 4112 1248 4161 et
1262 4107 1415 4179 Collegium

248 4199 398 4255 scolarium
414 4198 622 4268 capellanorum
637 4197 742 4252 ibidem
758 4196 894 4250 constitui
906 4199 936 4250 et
947 4195 1078 4265 deputari
1090 4200 1119 4249 et
1131 4195 1266 4249 firmitate
1280 4201 1416 4266 perpetua

247 4289 383 4344 stabiliri:
403 4288 602 4357 Quapropter,
620 4277 750 4340 invocata
766 4285 899 4355 primitus
914 4285 1032 4355 spiritus
1048 4285 1138 4338 sancti
1155 4284 1255 4353 gracia,
1270 4288 1300 4338 et
1315 4302 1415 4339 convo·

247 4378 319 4434 catis
338 4377 368 4431 in
387 4377 531 4448 presencia
550 4381 647 4430 nostra
669 4375 805 4445 Magistro
825 4374 934 4428 Thema
954 4373 989 4428 de
1010 4373 1131 4427 Elteslee
1153 4374 1270 4428 Rectore
1292 4373 1415 4429 Ecclesia

246 4467 282 4522 de
302 4465 455 4520 Lambhith
477 4463 688 4535 Wyntoniensis
706 4461 824 4516 diocesis
845 4467 875 4516 et
895 4460 1038 4515 baculario
1057 4461 1205 4530 utriusque
1226 4460 1307 4531 juris,
1328 4477 1413 4531 quem
