3170 5104
181 1203 231 1245 ent
239 1204 263 1246 ol
270 1203 333 1246 uren

181 1251 237 1293 test
244 1251 333 1293 Bensfs

345 411 388 476 46
760 427 965 477 cinnamon
987 427 1097 478 ornos.

347 580 555 647 intraverunt
569 582 809 647 fraternitatem
825 590 859 646 et
877 581 1039 647 dederunt
1059 581 1235 647 elemosine
1255 604 1307 647 xx.
1317 604 1342 648 a
1357 589 1393 647 et
1415 579 1511 667 xij.d.

347 706 501 770 procera
547 685 603 752 sol.
618 707 724 750 ceram
741 693 889 772 ternpore
904 686 1069 772 ingressus
1085 685 1316 770 ⁰th[esaurie]⁰
1332 691 1368 750 et
1386 683 1513 769 recepit

345 788 518 874 pecuniam
535 789 603 855 Rio.
620 790 764 875 Tilneye.

411 893 570 978 Magister
594 894 737 959 lacobus
763 894 804 960 de
831 893 1014 960 Cotenham
1045 902 1079 958 et
1110 894 1296 980 Margareta
1326 917 1410 960 uxor
1441 893 1512 979 ejus

346 998 554 1062 intraverunt
576 999 817 1064 fraternitatem
840 1009 874 1064 et
896 998 1059 1064 dederunt
1082 1000 1266 1065 elemosine.

412 1098 604 1184 †Walterus
618 1103 752 1189 Neel‡¹.

412 1205 553 1271 Isabella
575 1206 709 1272 Maiheu
732 1207 773 1273 de
796 1208 858 1294 Ely
880 1208 1018 1274 intravit
1042 1208 1281 1274 fraternitatem
1306 1217 1340 1273 et
1363 1208 1459 1274 dedit
1482 1230 1510 1269 x.

347 1311 442 1376 ulnas
477 1313 580 1398 panni
614 1313 694 1378 linei
729 1313 863 1378 ecclesie
899 1313 1004 1378 saneti
1036 1313 1209 1378 Benedicti
1239 1322 1274 1378 et
1303 1312 1447 1378 tradidit
1477 1310 1511 1374 T.

348 1413 553 1502 ⁰Caumpes.⁰

413 1521 555 1586 Thomas
582 1522 719 1606 Bilneye
742 1529 776 1586 et
798 1523 911 1609 Agnes
933 1544 1015 1586 uxor
1037 1522 1109 1608 ejus
1131 1522 1338 1588 intraverunt
1360 1521 1511 1586 fraterni-

348 1635 453 1692 tatem
469 1634 504 1690 et
519 1625 682 1690 dederunt
697 1626 873 1690 elemosine
885 1626 910 1712 j
928 1647 1022 1690 marc.
1038 1636 1073 1691 et
1088 1626 1143 1712 xij.
1154 1626 1183 1691 d.
1200 1650 1257 1712 pro
1273 1649 1353 1691 cera.

414 1731 575 1797 Dominus
607 1731 675 1797 Ric.
702 1731 882 1795 Keleshille
910 1731 1019 1794 miles²
1045 1731 1183 1800 intravit
1208 1731 1450 1795 fraternitatem
1478 1737 1510 1793 et

348 1835 441 1900 dedit
463 1835 639 1900 elemosine
662 1835 737 1900 xl.s.
782 1835 838 1898 sol.
861 1834 911 1899 W.
935 1832 1153 1919 †serviente.†

414 1939 540 2004 Alanus
565 1937 605 2002 de
630 1937 837 2002 Foulboume
862 1947 897 2002 et
921 1938 1076 2002 Johanna
1102 1961 1183 2003 uxor
1208 1937 1278 2023 ejus
1301 1937 1510 2002 intraverunt

348 2043 588 2108 fraternitatem
605 2052 639 2108 et
654 2043 817 2108 dederunt
832 2044 1007 2108 elemosine
1026 2043 1051 2130 j.
1067 2066 1163 2108 marc.
1183 2052 1217 2108 et
1237 2042 1292 2129 xij.
1303 2043 1333 2108 d.
1349 2065 1409 2130 pro
1430 2064 1508 2107 cera

348 2159 383 2216 et
398 2151 453 2216 sol.
470 2172 576 2215 ceram
594 2149 825 2234 ⁰th[esaurie]⁰
841 2159 987 2235 tempore
1003 2150 1167 2236 ingressus
1182 2158 1217 2214 et
1232 2149 1356 2213 habent
1376 2148 1449 2214 dies
1469 2147 1508 2211 ad

348 2252 539 2318 solvendum
561 2253 641 2318 dim.
664 2275 758 2318 marc.
778 2253 813 2316 in
834 2253 918 2318 festo
939 2253 1092 2340 Corporis
1112 2251 1237 2320 Christi
1257 2262 1291 2318 et
1310 2253 1411 2318 aliam
1433 2253 1508 2318 dim.

348 2379 443 2423 maro.
460 2358 494 2420 in
510 2357 594 2421 festo
610 2357 823 2421 exaltacionis
839 2357 961 2422 Sancte
978 2357 1099 2423 Crucis.

414 2462 521 2527 Adam
547 2461 588 2525 de
614 2461 742 2526 Ardern
765 2484 886 2548 couper
908 2470 942 2526 et
964 2461 1072 2526 Alicia
1099 2484 1180 2526 uxor
1206 2460 1277 2546 ejus
1303 2461 1508 2526 intraverunt
1570 2483 1572 2552 i

349 2567 589 2634 fraternitatem
615 2575 648 2631 et
675 2567 837 2632 dederunt
863 2568 1039 2633 elemosine
1062 2592 1113 2633 xx.
1123 2591 1145 2633 s.
1170 2577 1204 2632 et
1227 2567 1281 2652 xij.
1292 2566 1321 2632 d.
1345 2589 1403 2652 pro
1428 2589 1505 2632 cera.
1570 2553 1571 2580 ¹

347 2673 402 2738 sol.
428 2695 535 2737 ceram
563 2671 765 2736 ‘'thesauris‘'
792 2681 939 2756 tempore
966 2673 1132 2758 ingressus
1159 2680 1193 2736 et
1220 2671 1344 2736 habent
1370 2671 1442 2736 dies
1468 2670 1505 2734 ad

347 2776 538 2841 solvendum
564 2775 745 2860 [videlicet]
769 2776 889 2839 festum
918 2774 1070 2861 Corporis
1096 2774 1219 2840 Christi
1246 2784 1279 2838 et
1305 2775 1429 2841 festum
1456 2798 1505 2839 ex·

347 2881 518 2946 altacionis
548 2879 670 2945 Sancte
701 2877 816 2945 Crucis
845 2901 905 2964 per
935 2879 1066 2964 equales
1099 2880 1274 2964 porciones.
1331 2879 1387 2945 sol.
1417 2903 1470 2944 xx.
1484 2900 1505 2943 s.
1569 2947 1570 2952 ,

349 2986 472 3072 Hardy.

415 3090 577 3156 Dominus
596 3087 766 3154 Johannes
789 3088 918 3172 Curtyn
940 3088 1079 3152 intravit
1101 3087 1341 3152 fraternitatem
1364 3096 1398 3154 et
1418 3087 1506 3154 dedit

347 3197 522 3262 elemosine
538 3219 589 3260 xx.
599 3217 622 3260 a.
667 3193 768 3258 soluit
783 3195 908 3280 Hardy.

413 3303 578 3368 Robertus
608 3299 792 3386 Glapthorn
824 3310 858 3366 et
885 3301 1072 3387 Margareta
1098 3322 1179 3364 uxor
1206 3299 1277 3385 ejus
1302 3299 1506 3365 intraverunt

348 3405 590 3472 fraternitatem
606 3413 640 3470 et
655 3404 817 3470 dederunt
832 3405 1009 3470 elemosine
1025 3427 1077 3468 xx.
1088 3427 1110 3470 a.
1128 3413 1163 3469 et
1179 3405 1234 3491 xij.
1244 3405 1275 3470 d.
1290 3427 1349 3490 pro
1364 3427 1446 3470 cera

415 3512 513 3596 Hugo
541 3512 572 3576 le
598 3511 665 3596 Eyr
691 3510 731 3575 de
755 3510 960 3575 Wilbertone
987 3511 1042 3575 <'et
1066 3509 1228 3574 Katerina
1249 3510 1348 3574 uxor⁰
1372 3507 1505 3574 intravit

347 3616 589 3682 fraternitatem
614 3624 648 3680 et
672 3614 764 3680 dedit
789 3615 964 3680 elemosine
989 3639 1039 3680 xx.
1050 3638 1073 3682 s.
1100 3624 1134 3680 et
1160 3637 1276 3682 ceram.
1320 3616 1376 3680 sol.
1401 3636 1504 3681 ceram

347 3720 512 3787 thesauris
534 3718 589 3806 xij.
600 3719 629 3785 d.
675 3720 729 3784 sol.
753 3743 802 3784 xx.
817 3719 884 3804 [af]
907 3718 1085 3785 thesauris.
1567 3801 1568 3806 ἵ

412 3824 599 3891 Willelmus
615 3822 757 3908 Clapton
772 3831 806 3888 et
823 3823 924 3910 Marg.
940 3846 1021 3888 uxor
1041 3822 1113 3909 ejus
1133 3822 1340 3888 intraverunt
1359 3821 1504 3888 fraterni-

346 3939 451 3996 tatem
473 3938 507 3994 et
527 3929 688 3994 dederunt
709 3929 884 3994 elemosine
900 3952 951 3995 xx.
961 3951 985 3996 s.
1001 3937 1035 3994 et
1051 3928 1104 4014 xij.
1115 3927 1144 3994 d.
1161 3950 1316 4014 procera.
1361 3928 1418 3992 sol.
1434 3929 1475 4014 xj.
1483 3948 1503 3991 r.

347 4037 403 4102 th’.
449 4035 523 4114 ⁰sol.
539 4033 671 4099 totum!>

414 4142 577 4208 Robertus
600 4140 730 4226 Oouper
752 4138 811 4204 ‘'de
836 4138 986 4224 Hyston⁰
1011 4147 1046 4203 et
1071 4138 1182 4224 Agnes
1207 4160 1287 4202 uxor
1310 4137 1382 4224 ejus
1407 4137 1503 4204 intra-

462 4373 471 4405 ¹
489 4372 537 4423 Soa
549 4370 594 4421 the
605 4373 682 4433 ontry
693 4368 781 4432 belona
793 4383 818 4432 p.
833 4369 874 4426 49,
886 4367 940 4418 and
951 4370 1021 4420 noto.

462 4455 474 4486 ²
491 4455 538 4506 See
549 4453 670 4514 Masters,
684 4466 710 4515 p.
724 4451 746 4513 5,
758 4451 811 4500 and
823 4451 888 4516 App.
900 4465 943 4501 no.
958 4451 1000 4500 52.
1034 4449 1155 4514 00οροή
1167 4449 1264 4499 Annulo
1276 4461 1295 4496 r.
1308 4449 1346 4499 98.
