3170 5104
311 408 373 470 110
716 420 920 469 causamur
942 419 1052 470 aruns.

143 597 289 686 fflifflix
306 577 510 663 inspecturis,
533 575 701 642 Johannes
725 578 833 644 Gibon
859 577 899 642 de
927 577 1141 662 Cantabrigia
1164 575 1279 653 senior,
1300 575 1467 664 Johannes

142 694 255 782 iffi*
307 681 437 759 Cotton,
461 681 620 747 Ricardus
643 682 766 758 Fouke,
787 682 956 747 Johannes
978 682 1177 767 Blancpayn,
1199 681 1369 746 Johannes
1391 679 1467 743 Bar-

233 799 243 816 ·
306 787 396 862 bour,
413 786 578 852 Robertus
593 787 737 870 Martyn,
753 786 867 852 Simon
884 787 915 850 le
934 787 1072 852 Glovere
1088 786 1129 850 de
1145 785 1270 863 eadem,
1285 786 1467 869 Burgenses

306 893 383 958 ville
404 891 615 976 Cantabrigie
635 891 776 956 Eliensis
795 891 931 956 diocesis
952 891 1091 956 salutem
1114 891 1148 954 in
1164 891 1306 955 Domino
1321 898 1356 954 et
1370 888 1467 954 fidem

306 995 476 1061 indubiam
499 995 712 1082 sequentibus
735 995 899 1062 adhibere.
944 996 1088 1060 Eternus
1110 1002 1205 1080 pater
1227 994 1320 1080 cujus
1348 995 1467 1058 incom-

145 1133 281 1174 Romia
307 1099 540 1186 prehensibilis
569 1105 646 1163 sunt
671 1097 799 1184 judicia
828 1112 863 1163 et
893 1098 1140 1186 investigabiles
1171 1099 1222 1163 vie
1252 1098 1323 1184 ejus
1347 1098 1468 1162 nedum

306 1204 412 1268 filium
438 1225 534 1268 suum
561 1202 768 1289 unigenitum
794 1211 827 1266 et
853 1202 1006 1287 spiritum
1032 1209 1181 1266 sanctum
1208 1201 1406 1286 paraclitum
1436 1200 1469 1261 in

307 1307 451 1394 personis
467 1331 579 1372 verum
595 1307 713 1372 eciam¹
729 1329 833 1370 unum
850 1305 959 1371 Deum
974 1307 1009 1370 in
1024 1305 1175 1370 trinitate
1191 1315 1226 1370 et
1236 1305 1422 1370 trinitatem
1437 1305 1469 1366 in

307 1412 436 1477 unitate
451 1412 557 1477 valuit
572 1411 739 1476 honorari:
763 1411 861 1476 Unde
879 1411 1003 1476 Sancta
1019 1420 1125 1475 mater
1140 1410 1275 1475 ecclesia
1291 1432 1348 1494 per
1364 1418 1469 1473 totum

308 1518 418 1582 orbem
431 1524 590 1581 terrarum
603 1517 697 1600 longe
710 1516 839 1602 lateque
853 1517 972 1581 diffusa
983 1517 1104 1580 festum
1116 1516 1237 1580 Sancte
1252 1527 1286 1579 et
1301 1513 1469 1579 individue

308 1622 479 1687 Trinitatis
495 1622 597 1707 patris
613 1633 647 1686 et
663 1621 723 1684 filii
739 1629 773 1684 et
786 1620 930 1706 Spiritus
942 1619 1056 1684 Sancti
1067 1620 1103 1684 in
1115 1619 1250 1685 Octabis
1262 1619 1470 1683 Pentecostes
1558 1665 1559 1670 η

308 1727 442 1812 singulis
466 1726 561 1791 annis
586 1725 706 1791 statuit
732 1724 945 1810 solempniter
970 1723 1211 1802 celebrandum,
1235 1733 1274 1788 ut
1304 1733 1381 1809 post
1412 1721 1469 1786 lilii

308 1832 548 1897 resurexionem
578 1832 635 1917 qui
665 1853 728 1894 non
759 1829 1011 1914 coruptibilibus
1041 1851 1120 1892 auro
1153 1837 1188 1892 et
1227 1837 1376 1915 argento,
1407 1848 1470 1890 non

156 1967 180 1996 a
196 1955 211 1995 i·
308 1937 467 2025 sanguine
483 1937 644 2001 hircorum
661 1944 720 2000 aut
736 1935 925 2012 vitulorum,
937 1944 975 1998 ut
991 1933 1070 1997 olim
1086 1934 1121 1997 in
1137 1934 1216 2019 lege,
1229 1933 1285 1998 sed
1301 1934 1352 1998 sui
1369 1933 1470 2018 ipsius

308 2043 451 2128 precioso
474 2040 631 2126 sanguine
656 2061 713 2101 nos
736 2037 875 2102 redemit
898 2047 932 2102 et
955 2037 1100 2122 Spiritus
1124 2037 1237 2102 Sancti
1261 2037 1416 2102 missione
1438 2037 1468 2098 in

308 2146 411 2222 terris,
428 2147 484 2230 qui
500 2168 520 2209 a
535 2144 651 2208 throno
666 2141 843 2228 procedens
866 2143 1083 2227 apostolorum
1107 2150 1239 2227 pectora
1262 2142 1471 2207 invisibiliter

308 2250 501 2336 penetravit,
519 2247 559 2313 de
582 2247 653 2332 ipsa
674 2269 802 2312 summa
823 2247 975 2311 trinitate
995 2247 1082 2312 inter
1102 2246 1276 2312 catholicos
1292 2247 1385 2333 jugis
1406 2267 1470 2310 me-

308 2356 410 2420 moria
441 2354 634 2418 haberetur:
673 2351 726 2416 Ad
757 2351 855 2438 hujus
885 2351 1046 2437 siquidem
1077 2374 1204 2417 summe
1235 2362 1269 2416 et
1298 2351 1469 2417 individue

308 2459 469 2524 trinitatis
506 2456 635 2520 laudem
668 2465 701 2520 et
732 2456 920 2541 preconium
952 2456 1104 2520 devocius
1134 2457 1371 2534 excollendum,
1396 2456 1470 2520 ‘Nos

308 2562 426 2650 prefati
463 2561 639 2637 Johannes,
676 2560 853 2637 Johannes,
890 2559 1059 2637 Ricardus‚
1088 2560 1264 2639 Johannes,
1294 2561 1470 2635 Johannes,

309 2668 472 2732 Robertus
495 2674 529 2731 et
552 2665 666 2730 Simon
690 2673 798 2729 nostre
822 2665 941 2730 mentis
963 2665 1066 2729 aciem
1093 2665 1270 2750 dirigentes
1296 2667 1468 2752 quamdam

310 2771 441 2836 Gildam
457 2769 526 2834 sive
542 2768 798 2833 Fraternitatem
814 2768 849 2831 in
865 2768 1001 2832 ecclesia
1016 2768 1137 2833 Sancte
1158 2769 1329 2834 Trinitatis
1350 2769 1470 2836 Cante-

145 2911 268 3000 puapnd
310 2877 413 2962 brigia
439 2875 593 2940 duximus
620 2873 846 2952 inchoandam,
869 2882 1086 2960 proponentes
1112 2897 1186 2938 cum
1215 2873 1278 2938 Dei
1300 2873 1470 2960 adjutoria,

160 2971 220 2999 oum
236 2970 281 2999 088

144 3054 287 3190 ffiiidss
310 3095 414 3151 tatem
435 3084 582 3160 fundare,
597 3083 853 3170 possessionibus
873 3083 975 3148 eciam
997 3083 1119 3160 dotare,
1134 3082 1176 3146 ad
1197 3082 1468 3148 sustentationem

144 3161 274 3286 {gigffigm
310 3192 407 3255 unius
430 3188 591 3275 capellani
611 3210 669 3273 pro
692 3187 847 3251 fratribus
868 3195 903 3251 et
925 3187 1087 3251 sororibus
1111 3187 1257 3272 ejusdem
1282 3187 1379 3252 Gilda
1402 3209 1470 3274 pre·

144 3292 287 3381 ffiffelfflgm'
309 3295 458 3360 sentibus
474 3302 508 3357 et
531 3291 650 3356 futuris
666 3291 867 3376 singulisque
883 3290 1145 3355 benefactoribus
1161 3291 1307 3376 ejusdem
1328 3292 1364 3355 in
1386 3293 1470 3356 dicta

145 3387 291 3484 fflffsslffi
310 3398 445 3464 ecclesia
468 3395 663 3461 celebraturi
688 3403 722 3459 et
745 3395 1020 3480 susportacionem
1044 3394 1183 3458 aliorum
1206 3417 1341 3460 onerum
1364 3397 1468 3460 eidem

144 3484 242 3572 ibidem
310 3502 406 3568 Gilda
437 3500 702 3565 incumbencium
736 3499 902 3583 perpetuis
931 3497 1134 3584 temporibus
1165 3499 1295 3563 favente
1330 3499 1468 3563 Domino

144 3578 266 3629 supporau
309 3607 483 3670 durature:
513 3603 563 3668 Ut
588 3611 699 3666 autem
725 3601 813 3666 dicta
839 3602 936 3666 Gilda
962 3603 1029 3666 sive
1056 3602 1260 3666 Fratemitas
1285 3624 1322 3666 eo
1347 3602 1468 3666 firmius

309 3716 495 3797 perseveret
518 3714 552 3770 et
576 3705 773 3769 laudabilius
800 3706 1017 3790 gubernetur⁹
1041 3727 1105 3790 quo
1132 3706 1265 3769 statutis
1288 3714 1322 3770 et
1345 3707 1468 3770 ordina·

309 3815 457 3881 cionibus
487 3809 737 3876 racionabilibus
767 3819 801 3872 et
831 3809 1016 3873 necessariis
1047 3809 1160 3872 utilius
1187 3809 1347 3887 fulciatur,
1374 3809 1469 3873 infra-

309 3922 430 4006 scripta
445 3925 571 3982 statuta
587 3924 621 3979 et
636 3913 859 3978 ordinaciones
873 3914 914 3978 ad
930 3915 1032 3999 ipsius
1048 3936 1174 3978 summe
1188 3914 1359 3980 Trinitatis
1371 3913 1468 4000 patris

310 4036 342 4091 et
359 4025 418 4089 filii
435 4031 469 4088 et
484 4021 628 4108 Spiritus
644 4018 758 4083 Sancti
774 4018 915 4096 laudem,
927 4019 1061 4103 gloriam
1080 4027 1114 4082 et
1129 4019 1294 4098 honorem,
1306 4020 1468 4106 ipsiusque

309 4129 398 4217 gilde
421 4150 477 4192 seu
501 4122 718 4190 fraternitatis
740 4122 931 4186 firmitatem
954 4131 988 4187 et
1012 4122 1186 4188 efficaciam
1210 4147 1247 4188 ac
1270 4124 1468 4211 singulorum

309 4235 508 4301 confratrum
530 4227 677 4314 ejusdem
698 4226 888 4304 utilitatem,
904 4227 1110 4290 commodum
1132 4236 1166 4291 et
1187 4228 1333 4314 quietem
1352 4253 1373 4293 a
1389 4227 1468 4315 juris

506 4451 514 4481 ¹
532 4451 587 4502 MS.
603 4448 776 4500 vernenciem.
984 4450 994 4479 ²
1011 4449 1067 4499 MS.
1079 4449 1274 4511 gubernaretur,

144 3005 297 3056 caprariam
310 2981 472 3046 arridente
494 2979 587 3044 nobis
608 2979 750 3043 uberiori
772 2980 910 3056 fortuna,
927 2978 1048 3043 dictam
1071 2978 1201 3043 Gildam
1222 2979 1291 3042 sive
1306 2977 1470 3044 Fraterni·
1557 2965 1558 2978 ¹
