3170 5104
327 409 369 468 44
740 423 944 470 csnsmnos
966 423 1076 471 omns.

392 578 558 643 Henricus
575 577 695 642 Valeth
711 587 746 644 et
766 578 929 663 Margeria
951 601 1032 642 uxor
1053 578 1125 664 ejus
1146 578 1354 642 intraverunt
1374 577 1493 640 frater-

326 682 464 746 nitatem
492 689 526 746 et
553 681 715 746 dederunt
741 682 918 747 elemosine
945 706 996 747 xx.
1005 705 1028 748 s.
1049 682 1102 747 ‘'et
1128 681 1184 768 xij.
1195 682 1224 748 d.
1248 704 1306 767 pro
1334 681 1430 759 cera,⁰
1456 689 1494 745 et

327 785 450 850 habent
466 785 553 850 diem
571 787 612 850 ad
627 787 819 852 solvendum
835 788 868 850 in
885 788 968 852 festo
981 785 1237 871 †exaltacione†
1250 795 1362 851 sancte
1375 786 1494 852 Crucis

326 913 388 956 x.s.
416 899 450 955 et
476 890 518 955 ad
544 891 663 955 festum
693 891 815 956 Pasche
843 914 930 976 prox.
962 892 1130 978 sequentis
1161 915 1222 956 x.s.
1268 892 1325 955 sol.
1353 890 1496 976 c[eram]

327 1008 472 1080 tempore
494 995 666 1080 ingressus.
712 997 766 1060 sol.
793 996 986 1080 th[esaurie]
1012 1019 1073 1061 x.s.

392 1100 562 1166 Johannes
586 1099 679 1166 (lotis
702 1107 737 1164 et
760 1099 924 1186 Margana
948 1122 1028 1163 uxor
1050 1099 1130 1184 ejus,
1153 1099 1306 1164 Warinus
1330 1099 1433 1164 Gosse
1458 1107 1495 1163 et

328 1228 408 1270 uxor
423 1205 502 1291 ejus,
514 1205 676 1270 Robertus
693 1205 787 1296 Neve
803 1216 838 1269 et
854 1227 934 1268 uxor
945 1204 1015 1289 ejus
1027 1204 1236 1269 intraverunt
1248 1203 1495 1268 fraternitatem

328 1320 362 1375 et
378 1309 543 1375 dederunt
559 1310 734 1374 elemosine
750 1333 801 1374 xx.
812 1333 836 1375 s.
853 1318 887 1374 et
902 1310 947 1395 iij.
957 1333 982 1375 s.
997 1332 1055 1394 pro
1076 1332 1156 1374 cera.
1203 1317 1237 1374 et
1257 1309 1383 1372 habent
1403 1308 1496 1373 diem

327 1415 368 1478 ad
385 1414 575 1479 solvendum
592 1414 627 1477 in
643 1414 726 1478 festo
747 1414 932 1478 nativitatis
953 1414 1058 1478 sancti
1079 1415 1102 1479 J
1103 1413 1241 1479 ohannis
1262 1412 1407 1498 baptiste
1428 1437 1458 1477 x.
1470 1435 1497 1478 8.

328 1531 362 1583 et
387 1519 429 1583 sd
455 1521 577 1584 festum
599 1519 834 1604 assumpcionis
856 1518 954 1584 beate
976 1519 1080 1584 Marie
1108 1542 1136 1584 x.
1147 1542 1169 1584 s.
1216 1518 1271 1584 sol.
1292 1517 1494 1603 th[esaurie]

328 1624 416 1710 xviij.
426 1647 450 1689 s.
466 1624 531 1709 viij.
542 1624 571 1688 d.
589 1633 623 1689 et
639 1623 755 1708 Hardy
770 1623 811 1687 xl.
821 1623 852 1688 d.
869 1623 941 1688 deb.
957 1623 1012 1707 xij.
1023 1623 1052 1688 d.

393 1729 415 1794 J
417 1728 560 1793 ohannes
572 1728 725 1792 Towcher
735 1737 768 1792 et
778 1727 966 1792 Christiana
979 1750 1058 1790 uxor
1070 1727 1140 1812 ejus
1153 1728 1361 1792 intraverunt
1375 1729 1494 1792 frater-

329 1832 469 1897 nitatem
495 1841 529 1897 et
556 1832 718 1896 dederunt
746 1831 923 1895 elemosine
948 1830 1048 1915 xiij.s.
1074 1839 1108 1895 et
1132 1831 1190 1917 iiij.
1202 1831 1231 1896 d.
1257 1839 1291 1895 et
1314 1831 1409 1916 xij.d.
1436 1854 1497 1915 pro

304 2016 307 2023 Ι
329 1958 401 2000 cera
425 1943 459 2000 et
483 1935 606 1999 habent
631 1935 719 1999 diem
740 1933 782 1998 ad
803 1934 995 1998 solvendum
1020 1934 1055 1997 in
1077 1936 1159 1999 festo
1180 1935 1365 1999 nativitatis
1386 1935 1499 1998 sancti

328 2039 491 2105 Johannis
517 2040 661 2125 baptiste
690 2039 766 2104 dim.
795 2061 890 2103 marc.
918 2047 952 2102 et
980 2038 1022 2102 ad
1049 2040 1169 2103 festum
1196 2040 1301 2103 sancti
1329 2039 1420 2103 Petri
1453 2039 1498 2103 ad

241 2183 244 2188 ·
329 2145 461 2210 vincula
482 2146 559 2211 dim.
584 2169 680 2210 marc.

394 2250 469 2315 Joh.
485 2251 597 2314 Broun
613 2260 647 2314 et
663 2250 771 2314 Alicia
792 2272 873 2313 uxor
895 2250 965 2335 ejus
986 2251 1193 2314 intraverunt
1215 2249 1497 2314 ‘'fraternitatem‘'

331 2363 365 2418 et
381 2354 542 2419 dederunt
559 2355 734 2418 elemosine
750 2377 801 2418 xx.
811 2376 834 2418 s.
852 2363 885 2417 et
901 2376 1007 2417 ceram
1025 2353 1152 2438 ⁰xij.d.⁰
1198 2353 1297 2418 soluit
1312 2361 1420 2417 totum
1439 2355 1480 2418 R.

396 2460 418 2524 J
420 2459 470 2523 oh.
486 2459 551 2543 Jop
567 2459 607 2522 de
623 2458 781 2522 Bradelee
799 2459 919 2543 Magna
935 2458 1070 2521 intravit
1087 2457 1328 2522 fraternitatem
1344 2464 1378 2521 et
1399 2456 1498 2520 dedit

332 2563 506 2628 elemosine
537 2563 637 2648 xiijs.
665 2562 764 2648 iiij.d.
796 2576 830 2627 et
861 2585 967 2626 ceram
998 2562 1093 2647 xij.d.
1122 2563 1270 2646 pleggius
1296 2561 1498 2646 Radulphus

332 2668 471 2756 Deping.

397 2773 559 2836 Dominus
575 2772 701 2837 Alanus
717 2773 758 2835 de
775 2772 932 2836 lilteslee1
947 2781 1052 2836 rector
1069 2772 1201 2836 ecclesie
1217 2771 1257 2835 de
1277 2770 1497 2836 Lolleworthe

332 2877 469 2941 intravit
485 2877 722 2942 fraternitatem
741 2885 775 2941 et
790 2876 881 2941 dedit
897 2877 1073 2940 elemosine
1090 2900 1140 2940 xx.
1150 2900 1173 2941 s.
1191 2885 1225 2940 et
1245 2898 1353 2940 ceram
1374 2876 1497 2941 ⁰debet

333 2983 374 3068 vj.
384 2983 414 3048 d.
431 3005 488 3066 pro
504 2981 598 3047 cera.0
642 2981 698 3045 sol.
714 2989 821 3044 totum
836 2980 1039 3064 th[esaurie].

397 3086 565 3151 Johannes
581 3084 680 3152 Clerk
695 3085 736 3148 de
752 3084 922 3149 Stretham
939 3094 974 3148 et
990 3085 1190 3150 Etheldreda
1206 3107 1286 3150 uxor
1302 3086 1373 3170 ejus
1393 3087 1495 3149 intra-

333 3202 452 3255 verunt
480 3190 720 3253 fraternitatem
752 3199 786 3252 et
815 3187 978 3252 dederunt
1010 3189 1187 3253 elemosine
1214 3189 1287 3254 xls.
1315 3197 1349 3252 et
1377 3211 1494 3254 ceram.

332 3296 387 3360 sol.
404 3318 486 3360 xx.s.
504 3294 648 3380 etxijd.
665 3316 819 3379 procera.
864 3302 898 3357 et
914 3294 1037 3358 habent
1053 3293 1138 3358 diem
1156 3293 1197 3358 de
1215 3292 1344 3357 residuo
1361 3293 1396 3356 in
1412 3293 1495 3358 festo
1580 3365 1581 3372 ἵ

333 3398 542 3463 exaltacionis
558 3399 680 3463 Sancte
697 3396 821 3463 Crucis.

399 3503 498 3586 Hugo
525 3502 662 3589 Colagre
694 3501 734 3566 de
765 3501 887 3566 Welles
916 3499 1054 3566 intravit
1080 3501 1316 3565 fraternitatem
1344 3509 1380 3566 et
1404 3503 1496 3566 dedit

334 3606 508 3670 elemosine
524 3629 575 3670 xx.
585 3629 609 3670 s.
625 3615 659 3670 et
675 3607 715 3691 vj.
727 3606 756 3671 d.
774 3628 830 3690 pro
847 3627 926 3669 cera.
972 3604 1027 3669 sol.
1049 3627 1110 3670 v.s.
1131 3615 1165 3668 et
1187 3604 1227 3689 vj.
1237 3605 1267 3669 d.
1288 3627 1345 3690 pro
1367 3627 1439 3670 cera
1461 3615 1496 3670 et

334 3710 434 3774 habet
449 3709 536 3774 diem
552 3710 592 3774 de
608 3710 738 3774 residuo
753 3710 787 3774 in
805 3711 887 3774 festo
903 3709 1114 3774 exaltacionis
1131 3709 1251 3774 Sancte
1268 3709 1389 3774 Crucis.

399 3815 567 3880 Johannes
594 3815 736 3882 Oroxton
766 3815 864 3879 0alias
891 3815 1027 3878 Daniel⁰
1053 3825 1087 3878 et
1109 3814 1240 3878 Amicis
1262 3836 1343 3878 uxor
1366 3815 1438 3901 ejus
1462 3825 1498 3880 et
1582 3815 1583 3822 '

333 3917 501 3984 Johannes
529 3919 756 4005 Schepedham
772 3913 985 4002 ¹intraverunt
1007 3916 1248 3982 fraternitatem
1273 3925 1307 3980 et
1333 3916 1498 3982 dederunt

334 4023 507 4087 elemosine
523 4023 622 4110 xvj.s.
640 4032 673 4088 et
688 4023 743 4107 xij.
753 4023 781 4088 d.
799 4045 857 4106 pro
873 4045 953 4086 cera.
1000 4021 1054 4085 sol.
1076 4043 1183 4084 ceram
1205 4029 1238 4084 et
1261 4020 1384 4084 habent
1405 4021 1496 4086 diem

334 4127 376 4191 sd
405 4127 597 4193 solvendum
626 4128 661 4192 in
692 4129 774 4192 festo
800 4126 905 4191 sancti
931 4125 1022 4190 Petri
1049 4123 1091 4189 sd
1119 4124 1255 4192 vincula
1301 4124 1355 4188 sol.
1385 4134 1495 4190 totum

334 4230 536 4318 th[esaurie].

515 4435 523 4466 ¹
541 4434 679 4484 Abrother
689 4434 718 4483 of
728 4433 851 4490 Thomas,
864 4433 909 4483 tha
920 4433 977 4482 first
988 4432 1094 4482 Master.
1127 4431 1247 4490 Mamers.
1260 4445 1286 4494 p.
1299 4431 1321 4482 5.
