3170 5104
500 379 634 428 corros
655 377 795 428 ossrsrr
817 379 909 427 omn.
1250 363 1289 424 51

194 538 358 602 Dominus
384 538 553 603 Johannes
579 537 705 621 Hugyn
732 535 852 600 Rector
878 535 1010 600 ecclesie
1035 537 1075 600 de
1101 535 1228 600 Offorth
1258 543 1292 600 et

9 628 19 687 l
131 642 304 727 ‘'Magister
318 642 341 707 J
343 642 489 706 ohannes
504 642 545 705 de
562 641 708 706 Offorth⁰
724 638 786 724 †et
802 641 964 704 Dominus
985 640 1155 726 episcopus
1175 641 1291 705 Archi·

130 747 297 834 episcopus
320 745 583 814 Gantuariensis¹
607 747 813 810 intraverunt
836 745 1103 830 fraternitatemlt
1125 767 1162 809 ac
1187 746 1290 810 eciam

131 851 229 938 Hugo
245 859 280 915 ot
295 852 417 938 Agnes,
432 859 526 936 pater
541 858 575 914 et
591 859 696 914 mater
716 849 795 912 dicti
819 848 976 926 Rectoris,
992 848 1047 913 ⁰ac
1067 848 1169 913 eciam
1192 849 1289 913 bene-

129 956 287 1020 factorum
304 955 469 1041 ejusdem⁰
485 955 691 1019 intraverunt
706 954 956 1019 fraternitatem.

192 1061 362 1126 Johannes
388 1060 529 1124 Avenel²
555 1059 690 1123 clericus
715 1058 852 1123 intravit
878 1058 1115 1124 fraternitatem
1141 1067 1175 1122 et
1199 1057 1291 1122 dedit

128 1165 304 1229 elemosine
320 1165 355 1251 †j
369 1165 491 1251 marair
507 1163 568 1228 ⁰xx
578 1163 616 1228 a?
632 1173 666 1227 et
681 1163 711 1248 vj
724 1164 755 1228 (l.
770 1185 828 1248 pro
841 1185 922 1228 cera.
957 1163 1011 1227 sol.
1024 1185 1131 1228 ceram
1143 1171 1290 1248 tempore

127 1269 291 1354 ingressus
307 1276 341 1334 et
357 1269 456 1333 habet
471 1268 560 1332 diem
575 1267 617 1332 ad
632 1267 823 1332 solvendum
839 1268 874 1332 in
890 1268 972 1332 festo
988 1267 1092 1332 sancti
1112 1263 1289 1331 Michaelis.

191 1373 361 1438 Johannes
377 1373 417 1437 de
433 1381 546 1437 sancto
568 1373 677 1436 Neoto
698 1381 733 1436 et
754 1372 871 1435 ldania
891 1394 972 1435 uxor
992 1372 1062 1456 ejus
1084 1372 1290 1436 intraverunt

128 1477 369 1542 fraternitatem
390 1484 424 1541 et
445 1475 606 1541 dederunt
630 1475 804 1538 elemosine
827 1498 870 1538 xx
880 1497 903 1540 s.
925 1483 959 1538 et
979 1475 1022 1560 xij
1035 1476 1064 1540 d.
1085 1497 1144 1559 pro
1163 1497 1236 1538 cera
1256 1482 1291 1537 et

128 1581 252 1646 habent
268 1581 357 1645 diem
373 1581 413 1644 ad
429 1579 622 1644 solvendum
638 1577 721 1642 citra
736 1578 856 1642 festum
873 1577 986 1642 Sancti
1003 1577 1129 1642 Mathei
1144 1577 1290 1663 apostoli.

127 1687 183 1751 sol.
200 1686 252 1750 W.
268 1684 430 1749 servienti.

194 1790 379 1855 Willelmus
394 1789 435 1853 de
451 1789 563 1852 Lenne
578 1786 768 1872 pelliparius
785 1795 819 1851 et
834 1785 975 1851 Isabella
996 1809 1076 1852 uxor
1096 1787 1166 1872 ejus
1189 1787 1289 1851 intra·
1303 1795 1449 1885 fflwppe

127 1902 248 1958 verunt
273 1892 515 1957 fraternitatem
542 1898 577 1954 et
603 1889 765 1954 dederunt
791 1889 965 1954 elemosine
987 1890 1001 1976 j
1027 1913 1123 1954 marc.
1147 1899 1181 1954 et
1203 1889 1246 1975 xij
1259 1890 1289 1954 d.
1303 1855 1440 1980 ffimlo

11 1989 12 2038 l
126 2022 188 2086 pro
211 2021 284 2063 cera
306 2007 340 2062 et
361 1995 569 2082 †expendit†
592 1994 643 2058 ⁰in
667 1994 762 2058 ludo0
786 1994 927 2059 filiorum
954 1995 1071 2060 Israel⁸
1094 1996 1170 2062 dim.
1195 2019 1289 2062 marc.

11 2143 12 2146 =
127 2103 181 2166 vel
202 2103 258 2166 sol.
279 2101 356 2166 dim.
379 2123 473 2164 marc.
495 2108 530 2164 et
549 2098 672 2162 habent
693 2097 781 2162 diem
803 2097 845 2161 ad
866 2097 1056 2162 solvendum
1072 2099 1155 2163 citra
1169 2099 1289 2164 festum

10 2281 11 2296 ἶ
126 2207 235 2270 sancti
264 2205 392 2270 Mathei
422 2203 567 2289 apostoli.
617 2202 671 2266 sol.
703 2224 810 2266 ceram
842 2213 987 2288 ternpore
1017 2203 1189 2288 ingressus.
1234 2204 1289 2268 sol.

10 2301 11 2304 ¹
126 2320 239 2376 totum
264 2311 306 2376 H.
1044 2299 1046 2304 ¹

10 2493 11 2496 Ἴ
196 2414 380 2478 Willelmus
395 2412 610 2497 Bokysworth
626 2420 660 2476 et
675 2411 787 2496 Agnes
802 2433 884 2475 uxor
906 2411 976 2496 ejus
998 2411 1205 2477 intraverunt
1226 2413 1290 2476 fra·

10 2507 14 2557 ³·
125 2519 319 2584 ternitatem
348 2526 382 2581 et
408 2517 569 2580 dederunt
596 2514 772 2579 elemosine
798 2537 873 2580 xxa
899 2517 1043 2602 etxijd.
1068 2538 1231 2602 procera,
1256 2525 1291 2581 et

127 2622 256 2686 habent
274 2621 344 2686 dies
365 2621 406 2684 ad
429 2621 621 2685 solvendum
644 2620 679 2682 in
699 2621 780 2683 festo
801 2620 986 2686 nativitatis
1006 2622 1110 2685 sancti
1130 2620 1291 2686 Johannis

10 2725 12 2755 '¹
124 2726 273 2810 baptiste
299 2749 352 2790 xa
377 2734 411 2790 et
435 2725 470 2788 in
494 2725 577 2788 festo
602 2723 706 2788 sancti
732 2723 902 2788 Michaelis
925 2726 1073 2808 proximo
1099 2727 1210 2790 futuro
1236 2747 1289 2790 xa

10 2883 11 2918 3
124 2831 185 2894 sol.
208 2829 251 2914 xij
264 2829 293 2894 d.
317 2851 374 2914 pro
397 2851 471 2893 cera
493 2838 639 2913 tempore
663 2827 827 2914 ingressus
851 2828 1053 2913 th[esaurie].

196 2932 354 2996 Ricardus
376 2932 516 2996 Bakster
535 2939 569 2996 et
591 2931 698 2994 Alicia
717 2953 799 2994 uxor
819 2931 889 3016 ejus
911 2931 1118 2997 intraverunt
1140 2933 1290 2998 fraterni-

10 3077 11 3081 =
125 3045 232 3101 tatem
249 3046 282 3100 et
297 3036 459 3100 dederunt
474 3034 649 3100 elemosine
666 3057 715 3098 xx.
726 3057 749 3098 s.
766 3043 800 3098 et
816 3034 859 3119 xij
871 3034 900 3098 d.
917 3057 975 3120 pro
990 3059 1070 3100 cera.
1116 3046 1150 3101 et
1166 3037 1291 3101 habent

10 3199 13 3219 ,
125 3143 200 3206 dies
225 3141 266 3204 ad
292 3141 482 3206 solvendum
507 3141 542 3203 in
567 3141 650 3203 festo
678 3139 861 3202 nativitatis
886 3140 1049 3205 ‚Iohannis
1070 3141 1213 3226 baptiste
1237 3165 1289 3206 xa

126 3255 163 3310 et
180 3244 214 3308 in
233 3245 313 3309 festo
330 3244 434 3309 sancti
450 3243 541 3308 Petri
556 3243 596 3307 ad
614 3242 744 3307 vincula
760 3265 788 3306 x.
798 3263 821 3306 a

197 3349 364 3414 Johannes
388 3348 583 3414 Combirton
605 3355 640 3411 et
663 3345 786 3412 Oecilia
809 3369 889 3411 uxor
911 3348 981 3434 ejus
1004 3358 1038 3414 et
1060 3350 1228 3415 Johannes
1250 3350 1291 3416 de

126 3455 325 3520 Cumbirton
349 3463 443 3539 pater
470 3453 541 3539 ejus
566 3453 617 3516 ⁰et
642 3452 755 3516 Simon
782 3452 822 3517 de
850 3452 1062 3518 Cumbirton⁰
1084 3455 1291 3522 intraverunt

125 3557 366 3624 fraternitatem
390 3566 423 3621 et
444 3557 606 3620 dederunt
627 3554 801 3620 elemosine
823 3580 874 3622 xx.
884 3579 906 3621 s.
929 3565 963 3622 et
983 3558 1040 3643 ijs.
1057 3575 1115 3644 pro
1130 3583 1210 3625 cera.
1256 3569 1291 3624 et

126 3687 184 3728 xs.
208 3673 241 3726 et
264 3663 321 3749 ijs.
343 3686 401 3748 pro
424 3686 505 3728 cera.
550 3663 604 3726 sol.
632 3672 778 3746 tempore
803 3662 967 3748 ingressus
992 3665 1132 3729 Domino
1159 3667 1290 3752 Rayson

8 3798 14 3828 ,ι
126 3768 180 3832 ⁰J.
196 3767 237 3832 de
252 3767 435 3852 Donewyce
448 3790 507 3853 per
522 3765 703 3830 Henricum
720 3765 761 3828 de
777 3767 976 3852 Tangmere⁰
993 3778 1027 3833 et
1042 3769 1164 3833 debent
1180 3793 1200 3833 x
1210 3793 1233 3835 s.
1255 3780 1290 3834 et

127 3869 255 3934 habent
270 3870 358 3935 diem
381 3870 421 3934 de
442 3869 607 3934 solucione
628 3869 663 3931 in
685 3869 768 3933 festo
789 3869 830 3934 de
852 3872 992 3956 Corpore
1013 3872 1144 3938 Christi.
1190 3873 1290 3938 soluit

8 4019 9 4026 .
125 3973 290 4060 †totuml
306 3975 345 4038 “x
355 3975 393 4039 a⁰
409 3973 582 4038 thesaurie.

180 4094 189 4126 ¹
208 4094 301 4144 Simon
313 4093 387 4157 Islip.

178 4173 189 4204 ²
206 4175 247 4224 On
259 4174 305 4224 tha
317 4175 414 4225 Avenel
426 4177 518 4240 family
530 4191 572 4227 see
584 4177 670 4240 Olsy’s
681 4178 845 4234 frenabant,
857 4191 881 4239 p.
899 4178 930 4226 14
943 4192 981 4239 sq.

177 4257 226 4305 lA
243 4258 305 4320 play
324 4273 358 4306 on
378 4258 423 4308 the
442 4258 535 4321 killing
557 4260 586 4309 of
606 4259 651 4310 the
674 4259 797 4309 children
821 4261 851 4308 of
871 4260 952 4309 Israel
973 4259 1028 4325 (the
1044 4261 1174 4312 Massaore
1197 4263 1226 4312 of
1246 4262 1291 4312 the

7 4387 16 4414 ‚
121 4338 278 4404 Innocents)
295 4340 335 4388 for
350 4339 506 4390 Gandlemas
522 4342 580 4405 Day
592 4341 640 4390 has
654 4341 719 4392 bean
734 4341 839 4408 printed
853 4341 883 4393 in
900 4342 1007 4408 Shsrp's
1022 4345 1131 4394 Aacieot
1148 4347 1292 4410 Mystericr,

124 4425 201 4482 1835,
214 4437 258 4486 pp.
271 4424 361 4486 3-30,
373 4423 530 4478 Abbotstord
543 4424 619 4475 orob.

1121 4529 1207 4593 4—2
