<?xml version="1.0" encoding="UTF-8"?>
<!DOCTYPE html PUBLIC "-//W3C//DTD XHTML 1.0 Transitional//EN"
    "http://www.w3.org/TR/xhtml1/DTD/xhtml1-transitional.dtd">
<html xmlns="http://www.w3.org/1999/xhtml" xml:lang="en" lang="en">
 <head>
  <title>
</title>
<meta http-equiv="Content-Type" content="text/html;charset=utf-8" />
  <meta name='ocr-system' content='tesseract 3.04.00' />
  <meta name='ocr-capabilities' content='ocr_page ocr_carea ocr_par ocr_line ocrx_word'/>
</head>
<body>
  <div class='ocr_page' id='page_1' title='image "./cambridgegildre00cunngoog_0096.png"; bbox 0 0 3170 5104; ppageno 0'>
   <div class='ocr_carea' id='block_1_1' title="bbox 492 389 901 440">
    <p class='ocr_par' dir='ltr' id='par_1_1' title="bbox 492 389 901 440">
     <span class='ocr_line' id='line_1_1' title="bbox 492 389 901 440; baseline 0.005 -2"><span class='ocrx_word' id='word_1_1' title='bbox 492 389 626 438; x_wconf 81' lang='lat' dir='ltr'>CORPUS</span> <span class='ocrx_word' id='word_1_2' title='bbox 648 389 787 438; x_wconf 78' lang='lat' dir='ltr'><strong>CHRISTI</strong></span> <span class='ocrx_word' id='word_1_3' title='bbox 810 391 901 440; x_wconf 82' lang='lat' dir='ltr'><strong>GILD.</strong></span> 
     </span>
    </p>
   </div>
   <div class='ocr_carea' id='block_1_2' title="bbox 633 785 767 850">
    <p class='ocr_par' dir='ltr' id='par_1_2' title="bbox 633 785 767 850">
     <span class='ocr_line' id='line_1_2' title="bbox 633 785 767 850; baseline 0.015 -2"><span class='ocrx_word' id='word_1_4' title='bbox 633 785 684 850; x_wconf 91' lang='lat' dir='ltr'>fol.</span> <span class='ocrx_word' id='word_1_5' title='bbox 709 791 767 850; x_wconf 90' lang='lat' dir='ltr'>5a.</span> 
     </span>
    </p>
   </div>
   <div class='ocr_carea' id='block_1_3' title="bbox 626 967 770 1032">
    <p class='ocr_par' dir='ltr' id='par_1_3' title="bbox 626 967 770 1032">
     <span class='ocr_line' id='line_1_3' title="bbox 626 967 770 1032; baseline 0.014 -2"><span class='ocrx_word' id='word_1_6' title='bbox 626 967 770 1032; x_wconf 89' lang='lat' dir='ltr'>London.</span> 
     </span>
    </p>
   </div>
   <div class='ocr_carea' id='block_1_4' title="bbox 178 1141 1276 1434">
    <p class='ocr_par' dir='ltr' id='par_1_4' title="bbox 178 1141 1276 1434">
     <span class='ocr_line' id='line_1_4' title="bbox 180 1141 834 1208; baseline 0.006 -4"><span class='ocrx_word' id='word_1_7' title='bbox 180 1141 344 1206; x_wconf 82' lang='lat' dir='ltr'>Dominus</span> <span class='ocrx_word' id='word_1_8' title='bbox 360 1142 523 1206; x_wconf 87' lang='lat' dir='ltr'>Henricus</span> <span class='ocrx_word' id='word_1_9' title='bbox 539 1142 605 1206; x_wconf 87' lang='lat' dir='ltr'>dux</span> <span class='ocrx_word' id='word_1_10' title='bbox 622 1143 834 1208; x_wconf 86' lang='lat' dir='ltr'>Lancastrie².</span> 
     </span>
     <span class='ocr_line' id='line_1_5' title="bbox 180 1244 1100 1330; baseline 0.002 -22"><span class='ocrx_word' id='word_1_11' title='bbox 180 1244 343 1308; x_wconf 87' lang='lat' dir='ltr'>Dominus</span> <span class='ocrx_word' id='word_1_12' title='bbox 361 1244 524 1310; x_wconf 90' lang='lat' dir='ltr'>Henricus</span> <span class='ocrx_word' id='word_1_13' title='bbox 540 1246 599 1309; x_wconf 86' lang='lat' dir='ltr'>‘&#39;de</span> <span class='ocrx_word' id='word_1_14' title='bbox 615 1245 766 1310; x_wconf 89' lang='lat' dir='ltr'>Walton⁰</span> <span class='ocrx_word' id='word_1_15' title='bbox 783 1246 1005 1310; x_wconf 81' lang='lat' dir='ltr'><strong>thesaurarius</strong></span> <span class='ocrx_word' id='word_1_16' title='bbox 1020 1245 1100 1330; x_wconf 79' lang='lat' dir='ltr'>ejus,</span> 
     </span>
     <span class='ocr_line' id='line_1_6' title="bbox 178 1347 1276 1434; baseline 0.002 -22"><span class='ocrx_word' id='word_1_17' title='bbox 178 1347 348 1412; x_wconf 88' lang='lat' dir='ltr'>Johannes</span> <span class='ocrx_word' id='word_1_18' title='bbox 385 1347 537 1415; x_wconf 89' lang='lat' dir='ltr'>Clement</span> <span class='ocrx_word' id='word_1_19' title='bbox 572 1348 613 1413; x_wconf 94' lang='lat' dir='ltr'>de</span> <span class='ocrx_word' id='word_1_20' title='bbox 649 1349 834 1413; x_wconf 89' lang='lat' dir='ltr'>Tamworth</span> <span class='ocrx_word' id='word_1_21' title='bbox 871 1358 904 1414; x_wconf 91' lang='lat' dir='ltr'>et</span> <span class='ocrx_word' id='word_1_22' title='bbox 939 1350 1047 1414; x_wconf 90' lang='lat' dir='ltr'>Alicia</span> <span class='ocrx_word' id='word_1_23' title='bbox 1081 1372 1162 1414; x_wconf 89' lang='lat' dir='ltr'>uxor</span> <span class='ocrx_word' id='word_1_24' title='bbox 1198 1350 1276 1434; x_wconf 91' lang='lat' dir='ltr'>ejus.</span> 
     </span>
    </p>
   </div>
   <div class='ocr_carea' id='block_1_5' title="bbox 4 1451 1276 1536">
    <p class='ocr_par' dir='ltr' id='par_1_5' title="bbox 4 1451 1276 1536">
     <span class='ocr_line' id='line_1_7' title="bbox 4 1451 1276 1536; baseline 0.002 -22"><span class='ocrx_word' id='word_1_25' title='bbox 4 1473 5 1478; x_wconf 50' lang='lat'>¹</span> <span class='ocrx_word' id='word_1_26' title='bbox 114 1451 279 1516; x_wconf 86' lang='lat' dir='ltr'>Henricus</span> <span class='ocrx_word' id='word_1_27' title='bbox 306 1460 340 1515; x_wconf 91' lang='lat' dir='ltr'>et</span> <span class='ocrx_word' id='word_1_28' title='bbox 362 1451 503 1515; x_wconf 88' lang='lat' dir='ltr'>Matilda</span> <span class='ocrx_word' id='word_1_29' title='bbox 525 1458 677 1536; x_wconf 88' lang='lat' dir='ltr'>parentes</span> <span class='ocrx_word' id='word_1_30' title='bbox 700 1452 780 1515; x_wconf 90' lang='lat' dir='ltr'>dicti</span> <span class='ocrx_word' id='word_1_31' title='bbox 803 1452 964 1517; x_wconf 86' lang='lat' dir='ltr'>Johannis</span> <span class='ocrx_word' id='word_1_32' title='bbox 986 1453 1192 1518; x_wconf 88' lang='lat' dir='ltr'>intraverunt</span> <span class='ocrx_word' id='word_1_33' title='bbox 1214 1454 1276 1517; x_wconf 87' lang='lat' dir='ltr'>fra·</span> 
     </span>
    </p>
   </div>
   <div class='ocr_carea' id='block_1_6' title="bbox 112 1556 1412 1662">
    <p class='ocr_par' dir='ltr' id='par_1_6' title="bbox 112 1556 1412 1662">
     <span class='ocr_line' id='line_1_8' title="bbox 112 1556 1412 1662; baseline 0.001 -42"><span class='ocrx_word' id='word_1_34' title='bbox 112 1558 304 1622; x_wconf 89' lang='lat' dir='ltr'>ternitatem</span> <span class='ocrx_word' id='word_1_35' title='bbox 337 1565 372 1621; x_wconf 88' lang='lat' dir='ltr'>et</span> <span class='ocrx_word' id='word_1_36' title='bbox 397 1556 462 1620; x_wconf 90' lang='lat' dir='ltr'>fuit</span> <span class='ocrx_word' id='word_1_37' title='bbox 488 1564 523 1620; x_wconf 91' lang='lat' dir='ltr'>et</span> <span class='ocrx_word' id='word_1_38' title='bbox 549 1564 600 1621; x_wconf 90' lang='lat' dir='ltr'>est</span> <span class='ocrx_word' id='word_1_39' title='bbox 627 1557 770 1640; x_wconf 89' lang='lat' dir='ltr'>optimus</span> <span class='ocrx_word' id='word_1_40' title='bbox 797 1557 982 1623; x_wconf 78' lang='lat' dir='ltr'>consiliator</span> <span class='ocrx_word' id='word_1_41' title='bbox 1007 1567 1041 1622; x_wconf 92' lang='lat' dir='ltr'>et</span> <span class='ocrx_word' id='word_1_42' title='bbox 1067 1557 1213 1642; x_wconf 78' lang='lat' dir='ltr'>adjutor²</span> <span class='ocrx_word' id='word_1_43' title='bbox 1241 1558 1275 1621; x_wconf 93' lang='lat' dir='ltr'>in</span> <span class='ocrx_word' id='word_1_44' title='bbox 1287 1572 1412 1662; x_wconf 54' lang='lat' dir='ltr'>domna</span> 
     </span>
    </p>
   </div>
   <div class='ocr_carea' id='block_1_7' title="bbox 110 1659 1418 1866">
    <p class='ocr_par' dir='ltr' id='par_1_7' title="bbox 110 1659 1418 1866">
     <span class='ocr_line' id='line_1_9' title="bbox 111 1659 1274 1746; baseline 0 -22"><span class='ocrx_word' id='word_1_45' title='bbox 111 1661 265 1726; x_wconf 88' lang='lat' dir='ltr'>omnibus</span> <span class='ocrx_word' id='word_1_46' title='bbox 280 1661 421 1746; x_wconf 85' lang='lat' dir='ltr'>negociis</span> <span class='ocrx_word' id='word_1_47' title='bbox 438 1661 533 1725; x_wconf 84' lang='lat' dir='ltr'>Gilde</span> <span class='ocrx_word' id='word_1_48' title='bbox 549 1683 605 1724; x_wconf 91' lang='lat' dir='ltr'>seu</span> <span class='ocrx_word' id='word_1_49' title='bbox 623 1659 759 1746; x_wconf 91' lang='lat' dir='ltr'>collegio</span> <span class='ocrx_word' id='word_1_50' title='bbox 775 1659 1016 1745; x_wconf 91' lang='lat' dir='ltr'>pertinentibus</span> <span class='ocrx_word' id='word_1_51' title='bbox 1031 1661 1118 1746; x_wconf 89' lang='lat' dir='ltr'>apud</span> <span class='ocrx_word' id='word_1_52' title='bbox 1140 1660 1274 1725; x_wconf 90' lang='lat' dir='ltr'>London</span> 
     </span>
     <span class='ocr_line' id='line_1_10' title="bbox 110 1763 1418 1866; baseline -0.004 -36"><span class='ocrx_word' id='word_1_53' title='bbox 110 1774 145 1830; x_wconf 89' lang='lat' dir='ltr'>et</span> <span class='ocrx_word' id='word_1_54' title='bbox 176 1765 286 1830; x_wconf 89' lang='lat' dir='ltr'>dictus</span> <span class='ocrx_word' id='word_1_55' title='bbox 315 1765 483 1830; x_wconf 86' lang='lat' dir='ltr'>Johannes</span> <span class='ocrx_word' id='word_1_56' title='bbox 513 1763 606 1827; x_wconf 84' lang='lat' dir='ltr'>dedit</span> <span class='ocrx_word' id='word_1_57' title='bbox 636 1763 770 1846; x_wconf 87' lang='lat' dir='ltr'>collegio</span> <span class='ocrx_word' id='word_1_58' title='bbox 803 1786 905 1828; x_wconf 91' lang='lat' dir='ltr'>unum</span> <span class='ocrx_word' id='word_1_59' title='bbox 936 1765 1068 1830; x_wconf 80' lang='lat' dir='ltr'>calicem</span> <span class='ocrx_word' id='word_1_60' title='bbox 1102 1774 1137 1831; x_wconf 90' lang='lat' dir='ltr'>et</span> <span class='ocrx_word' id='word_1_61' title='bbox 1172 1788 1272 1829; x_wconf 90' lang='lat' dir='ltr'>unum</span> <span class='ocrx_word' id='word_1_62' title='bbox 1288 1767 1418 1866; x_wconf 53' lang='lat' dir='ltr'>gg‘fflffl</span> 
     </span>
    </p>
   </div>
   <div class='ocr_carea' id='block_1_8' title="bbox 3 1867 862 1954">
    <p class='ocr_par' dir='ltr' id='par_1_8' title="bbox 3 1867 862 1954">
     <span class='ocr_line' id='line_1_11' title="bbox 3 1867 862 1954; baseline 0 -22"><span class='ocrx_word' id='word_1_63' title='bbox 3 1939 4 1948; x_wconf 10' lang='grc' dir='ltr'>χ</span> <span class='ocrx_word' id='word_1_64' title='bbox 110 1870 348 1934; x_wconf 88' lang='lat' dir='ltr'>vestimentum</span> <span class='ocrx_word' id='word_1_65' title='bbox 371 1892 445 1935; x_wconf 90' lang='lat' dir='ltr'>cum</span> <span class='ocrx_word' id='word_1_66' title='bbox 470 1868 622 1933; x_wconf 91' lang='lat' dir='ltr'>omnibus</span> <span class='ocrx_word' id='word_1_67' title='bbox 644 1867 862 1954; x_wconf 78' lang='lat' dir='ltr'>pertinenciis.</span> 
     </span>
    </p>
   </div>
   <div class='ocr_carea' id='block_1_9' title="bbox 106 1971 1274 2265">
    <p class='ocr_par' dir='ltr' id='par_1_9' title="bbox 106 1971 1274 2265">
     <span class='ocr_line' id='line_1_12' title="bbox 178 1971 1274 2058; baseline -0.001 -20"><span class='ocrx_word' id='word_1_68' title='bbox 178 1974 292 2039; x_wconf 86' lang='lat' dir='ltr'>Simon</span> <span class='ocrx_word' id='word_1_69' title='bbox 319 1973 472 2037; x_wconf 87' lang='lat' dir='ltr'>Franceis</span> <span class='ocrx_word' id='word_1_70' title='bbox 502 1971 674 2058; x_wconf 88' lang='lat' dir='ltr'>burgensis</span> <span class='ocrx_word' id='word_1_71' title='bbox 705 1971 849 2036; x_wconf 88' lang='lat' dir='ltr'>London&#39;</span> <span class='ocrx_word' id='word_1_72' title='bbox 874 1981 909 2036; x_wconf 89' lang='lat' dir='ltr'>et</span> <span class='ocrx_word' id='word_1_73' title='bbox 934 1972 1074 2037; x_wconf 91' lang='lat' dir='ltr'>Matilda</span> <span class='ocrx_word' id='word_1_74' title='bbox 1099 1995 1180 2037; x_wconf 84' lang='lat' dir='ltr'>uxor</span> <span class='ocrx_word' id='word_1_75' title='bbox 1203 1973 1274 2058; x_wconf 90' lang='lat' dir='ltr'>ejus</span> 
     </span>
     <span class='ocr_line' id='line_1_13' title="bbox 106 2077 591 2141; baseline -0.002 0"><span class='ocrx_word' id='word_1_76' title='bbox 106 2077 318 2141; x_wconf 88' lang='lat' dir='ltr'>intraverunt</span> <span class='ocrx_word' id='word_1_77' title='bbox 341 2077 591 2141; x_wconf 74' lang='lat' dir='ltr'>fraternitatem.</span> 
     </span>
     <span class='ocr_line' id='line_1_14' title="bbox 177 2179 1273 2265; baseline 0.001 -21"><span class='ocrx_word' id='word_1_78' title='bbox 177 2181 325 2245; x_wconf 84' lang='lat' dir='ltr'>Andreas</span> <span class='ocrx_word' id='word_1_79' title='bbox 342 2179 448 2244; x_wconf 88' lang='lat' dir='ltr'>Aubri</span> <span class='ocrx_word' id='word_1_80' title='bbox 463 2180 634 2265; x_wconf 87' lang='lat' dir='ltr'>burgensis</span> <span class='ocrx_word' id='word_1_81' title='bbox 656 2179 799 2244; x_wconf 90' lang='lat' dir='ltr'>London&#39;</span> <span class='ocrx_word' id='word_1_82' title='bbox 820 2181 957 2244; x_wconf 91' lang='lat' dir='ltr'>intravit</span> <span class='ocrx_word' id='word_1_83' title='bbox 978 2179 1217 2246; x_wconf 85' lang='lat' dir='ltr'>fraternitatem</span> <span class='ocrx_word' id='word_1_84' title='bbox 1239 2189 1273 2245; x_wconf 91' lang='lat' dir='ltr'>et</span> 
     </span>
    </p>
   </div>
   <div class='ocr_carea' id='block_1_10' title="bbox 2 2284 279 2375">
    <p class='ocr_par' dir='ltr' id='par_1_10' title="bbox 2 2284 279 2375">
     <span class='ocr_line' id='line_1_15' title="bbox 2 2284 279 2375; baseline 0.014 -29"><span class='ocrx_word' id='word_1_85' title='bbox 2 2356 4 2375; x_wconf 14' lang='grc' dir='ltr'>ζ</span> <span class='ocrx_word' id='word_1_86' title='bbox 106 2284 204 2350; x_wconf 91' lang='lat' dir='ltr'>dabit</span> <span class='ocrx_word' id='word_1_87' title='bbox 219 2295 279 2350; x_wconf 88' lang='lat' dir='ltr'>etc.</span> 
     </span>
    </p>
   </div>
   <div class='ocr_carea' id='block_1_11' title="bbox 1 2387 1271 2558">
    <p class='ocr_par' dir='ltr' id='par_1_11' title="bbox 1 2387 1271 2558">
     <span class='ocr_line' id='line_1_16' title="bbox 179 2387 1271 2472; baseline -0.002 -19"><span class='ocrx_word' id='word_1_88' title='bbox 179 2389 343 2454; x_wconf 86' lang='lat' dir='ltr'>Henricus</span> <span class='ocrx_word' id='word_1_89' title='bbox 355 2389 384 2453; x_wconf 94' lang='lat' dir='ltr'>le</span> <span class='ocrx_word' id='word_1_90' title='bbox 397 2389 482 2472; x_wconf 91' lang='lat' dir='ltr'>Lacy</span> <span class='ocrx_word' id='word_1_91' title='bbox 495 2388 639 2453; x_wconf 88' lang='lat' dir='ltr'>serviens</span> <span class='ocrx_word' id='word_1_92' title='bbox 651 2387 731 2452; x_wconf 91' lang='lat' dir='ltr'>dicti</span> <span class='ocrx_word' id='word_1_93' title='bbox 743 2387 874 2452; x_wconf 90' lang='lat' dir='ltr'>Andree</span> <span class='ocrx_word' id='word_1_94' title='bbox 885 2387 1022 2452; x_wconf 90' lang='lat' dir='ltr'>intravit</span> <span class='ocrx_word' id='word_1_95' title='bbox 1033 2387 1271 2452; x_wconf 88' lang='lat' dir='ltr'>fraternitatem</span> 
     </span>
     <span class='ocr_line' id='line_1_17' title="bbox 1 2493 458 2558; baseline -0.004 0"><span class='ocrx_word' id='word_1_96' title='bbox 1 2547 2 2550; x_wconf 14' lang='grc' dir='ltr'>η</span> <span class='ocrx_word' id='word_1_97' title='bbox 105 2505 143 2558; x_wconf 92' lang='lat' dir='ltr'>et</span> <span class='ocrx_word' id='word_1_98' title='bbox 160 2493 252 2558; x_wconf 89' lang='lat' dir='ltr'>dedit</span> <span class='ocrx_word' id='word_1_99' title='bbox 267 2493 344 2558; x_wconf 92' lang='lat' dir='ltr'>dim.</span> <span class='ocrx_word' id='word_1_100' title='bbox 361 2515 458 2556; x_wconf 88' lang='lat' dir='ltr'>marc.</span> 
     </span>
    </p>
   </div>
   <div class='ocr_carea' id='block_1_12' title="bbox 177 2594 1270 2661">
    <p class='ocr_par' dir='ltr' id='par_1_12' title="bbox 177 2594 1270 2661">
     <span class='ocr_line' id='line_1_18' title="bbox 177 2594 1270 2661; baseline 0 -1"><span class='ocrx_word' id='word_1_101' title='bbox 177 2597 342 2661; x_wconf 88' lang='lat' dir='ltr'>Walterus</span> <span class='ocrx_word' id='word_1_102' title='bbox 357 2595 457 2660; x_wconf 81' lang='lat' dir='ltr'>Neel³</span> <span class='ocrx_word' id='word_1_103' title='bbox 478 2605 511 2659; x_wconf 91' lang='lat' dir='ltr'>et</span> <span class='ocrx_word' id='word_1_104' title='bbox 529 2594 637 2659; x_wconf 89' lang='lat' dir='ltr'>Alicia</span> <span class='ocrx_word' id='word_1_105' title='bbox 658 2605 692 2659; x_wconf 91' lang='lat' dir='ltr'>et</span> <span class='ocrx_word' id='word_1_106' title='bbox 715 2595 875 2660; x_wconf 88' lang='lat' dir='ltr'>Katerina</span> <span class='ocrx_word' id='word_1_107' title='bbox 895 2619 1011 2660; x_wconf 86' lang='lat' dir='ltr'>uxores</span> <span class='ocrx_word' id='word_1_108' title='bbox 1032 2596 1112 2660; x_wconf 90' lang='lat' dir='ltr'>dicti</span> <span class='ocrx_word' id='word_1_109' title='bbox 1133 2597 1270 2660; x_wconf 88' lang='lat' dir='ltr'>Walteri</span> 
     </span>
    </p>
   </div>
   <div class='ocr_carea' id='block_1_13' title="bbox 1 2699 1270 2785">
    <p class='ocr_par' dir='ltr' id='par_1_13' title="bbox 1 2699 1270 2785">
     <span class='ocr_line' id='line_1_19' title="bbox 1 2699 1270 2785; baseline -0.002 -19"><span class='ocrx_word' id='word_1_110' title='bbox 1 2735 4 2780; x_wconf 44' lang='grc' dir='ltr'><strong>χ</strong></span> <span class='ocrx_word' id='word_1_111' title='bbox 104 2711 143 2767; x_wconf 93' lang='lat' dir='ltr'>et</span> <span class='ocrx_word' id='word_1_112' title='bbox 168 2702 336 2766; x_wconf 87' lang='lat' dir='ltr'>Johannes</span> <span class='ocrx_word' id='word_1_113' title='bbox 362 2699 549 2763; x_wconf 85' lang='lat' dir='ltr'>Doxenford</span> <span class='ocrx_word' id='word_1_114' title='bbox 573 2700 780 2765; x_wconf 88' lang='lat' dir='ltr'>intraverunt</span> <span class='ocrx_word' id='word_1_115' title='bbox 803 2701 1043 2766; x_wconf 85' lang='lat' dir='ltr'>fraternitatem</span> <span class='ocrx_word' id='word_1_116' title='bbox 1069 2710 1102 2765; x_wconf 89' lang='lat' dir='ltr'>et</span> <span class='ocrx_word' id='word_1_117' title='bbox 1126 2699 1270 2785; x_wconf 83' lang='lat' dir='ltr'>†dedit†</span> 
     </span>
    </p>
   </div>
   <div class='ocr_carea' id='block_1_14' title="bbox 102 2803 1370 3926">
    <p class='ocr_par' dir='ltr' id='par_1_14' title="bbox 104 2803 1120 2892">
     <span class='ocr_line' id='line_1_20' title="bbox 104 2803 1120 2892; baseline -0.002 -22"><span class='ocrx_word' id='word_1_118' title='bbox 104 2806 309 2892; x_wconf 88' lang='lat' dir='ltr'>procuratori</span> <span class='ocrx_word' id='word_1_119' title='bbox 326 2827 377 2868; x_wconf 85' lang='lat' dir='ltr'>xx.</span> <span class='ocrx_word' id='word_1_120' title='bbox 387 2827 410 2868; x_wconf 91' lang='lat' dir='ltr'>s.</span> <span class='ocrx_word' id='word_1_121' title='bbox 427 2812 461 2867; x_wconf 90' lang='lat' dir='ltr'>et</span> <span class='ocrx_word' id='word_1_122' title='bbox 477 2803 627 2888; x_wconf 85' lang='lat' dir='ltr'>promisit</span> <span class='ocrx_word' id='word_1_123' title='bbox 643 2803 816 2868; x_wconf 86' lang='lat' dir='ltr'>elemosine</span> <span class='ocrx_word' id='word_1_124' title='bbox 832 2804 918 2868; x_wconf 88' lang='lat' dir='ltr'>dicte</span> <span class='ocrx_word' id='word_1_125' title='bbox 933 2803 1021 2890; x_wconf 89' lang='lat' dir='ltr'>gilde</span> <span class='ocrx_word' id='word_1_126' title='bbox 1036 2803 1077 2869; x_wconf 83' lang='lat' dir='ltr'>xl.</span> <span class='ocrx_word' id='word_1_127' title='bbox 1088 2805 1120 2869; x_wconf 83' lang='lat' dir='ltr'>li.</span> 
     </span>
    </p>

    <p class='ocr_par' dir='ltr' id='par_1_15' title="bbox 103 2907 1279 3203">
     <span class='ocr_line' id='line_1_21' title="bbox 177 2907 1270 2974; baseline 0 0"><span class='ocrx_word' id='word_1_128' title='bbox 177 2910 284 2974; x_wconf 88' lang='lat' dir='ltr'>Alicia</span> <span class='ocrx_word' id='word_1_129' title='bbox 313 2909 353 2974; x_wconf 91' lang='lat' dir='ltr'>de</span> <span class='ocrx_word' id='word_1_130' title='bbox 384 2908 544 2972; x_wconf 91' lang='lat' dir='ltr'>Boseham</span> <span class='ocrx_word' id='word_1_131' title='bbox 571 2908 612 2972; x_wconf 93' lang='lat' dir='ltr'>de</span> <span class='ocrx_word' id='word_1_132' title='bbox 639 2907 774 2972; x_wconf 91' lang='lat' dir='ltr'>London</span> <span class='ocrx_word' id='word_1_133' title='bbox 801 2909 939 2972; x_wconf 89' lang='lat' dir='ltr'>intravit</span> <span class='ocrx_word' id='word_1_134' title='bbox 965 2909 1204 2974; x_wconf 89' lang='lat' dir='ltr'>fraternitatem</span> <span class='ocrx_word' id='word_1_135' title='bbox 1236 2919 1270 2974; x_wconf 91' lang='lat' dir='ltr'>et</span> 
     </span>
     <span class='ocr_line' id='line_1_22' title="bbox 103 3013 1279 3100; baseline 0 -21"><span class='ocrx_word' id='word_1_136' title='bbox 103 3015 202 3080; x_wconf 91' lang='lat' dir='ltr'>dedit</span> <span class='ocrx_word' id='word_1_137' title='bbox 217 3014 391 3078; x_wconf 88' lang='lat' dir='ltr'>elemosine</span> <span class='ocrx_word' id='word_1_138' title='bbox 407 3037 458 3077; x_wconf 86' lang='lat' dir='ltr'>xx.</span> <span class='ocrx_word' id='word_1_139' title='bbox 468 3036 492 3078; x_wconf 86' lang='lat' dir='ltr'>a</span> <span class='ocrx_word' id='word_1_140' title='bbox 508 3022 542 3078; x_wconf 93' lang='lat' dir='ltr'>et</span> <span class='ocrx_word' id='word_1_141' title='bbox 563 3013 645 3099; x_wconf 89' lang='lat' dir='ltr'>vj.d.</span> <span class='ocrx_word' id='word_1_142' title='bbox 666 3037 724 3100; x_wconf 91' lang='lat' dir='ltr'>pro</span> <span class='ocrx_word' id='word_1_143' title='bbox 745 3036 826 3079; x_wconf 90' lang='lat' dir='ltr'>cera.</span> <span class='ocrx_word' id='word_1_144' title='bbox 872 3014 927 3080; x_wconf 87' lang='lat' dir='ltr'>sol.</span> <span class='ocrx_word' id='word_1_145' title='bbox 950 3015 1030 3100; x_wconf 74' lang='lat' dir='ltr'>vjd.</span> <span class='ocrx_word' id='word_1_146' title='bbox 1052 3015 1215 3079; x_wconf 85' lang='lat' dir='ltr'>thesauris</span> <span class='ocrx_word' id='word_1_147' title='bbox 1237 3024 1279 3079; x_wconf 89' lang='lat' dir='ltr'>et·</span> 
     </span>
     <span class='ocr_line' id='line_1_23' title="bbox 103 3119 1180 3203; baseline -0.003 -19"><span class='ocrx_word' id='word_1_148' title='bbox 103 3143 161 3184; x_wconf 86' lang='lat' dir='ltr'>xx.</span> <span class='ocrx_word' id='word_1_149' title='bbox 172 3141 195 3183; x_wconf 88' lang='lat' dir='ltr'>s.</span> <span class='ocrx_word' id='word_1_150' title='bbox 212 3119 334 3203; x_wconf 86' lang='lat' dir='ltr'>Hardy.</span> <span class='ocrx_word' id='word_1_151' title='bbox 1179 3125 1180 3128; x_wconf 73' lang='grc'>’</span> 
     </span>
    </p>

    <p class='ocr_par' dir='ltr' id='par_1_16' title="bbox 102 3221 1370 3828">
     <span class='ocr_line' id='line_1_24' title="bbox 176 3221 1271 3310; baseline 0.003 -24"><span class='ocrx_word' id='word_1_152' title='bbox 176 3222 343 3286; x_wconf 86' lang='lat' dir='ltr'>Johannes</span> <span class='ocrx_word' id='word_1_153' title='bbox 373 3221 413 3285; x_wconf 88' lang='lat' dir='ltr'>de</span> <span class='ocrx_word' id='word_1_154' title='bbox 440 3221 636 3305; x_wconf 81' lang='lat' dir='ltr'>Trumpiton</span> <span class='ocrx_word' id='word_1_155' title='bbox 662 3222 703 3286; x_wconf 92' lang='lat' dir='ltr'>de</span> <span class='ocrx_word' id='word_1_156' title='bbox 731 3221 864 3286; x_wconf 92' lang='lat' dir='ltr'>London</span> <span class='ocrx_word' id='word_1_157' title='bbox 893 3231 927 3286; x_wconf 92' lang='lat' dir='ltr'>et</span> <span class='ocrx_word' id='word_1_158' title='bbox 953 3222 1060 3287; x_wconf 87' lang='lat' dir='ltr'>Alicia</span> <span class='ocrx_word' id='word_1_159' title='bbox 1089 3246 1171 3288; x_wconf 86' lang='lat' dir='ltr'>uxor</span> <span class='ocrx_word' id='word_1_160' title='bbox 1200 3225 1271 3310; x_wconf 92' lang='lat' dir='ltr'>ejus</span> 
     </span>
     <span class='ocr_line' id='line_1_25' title="bbox 102 3325 1269 3412; baseline 0.002 -22"><span class='ocrx_word' id='word_1_161' title='bbox 102 3329 316 3410; x_wconf 87' lang='lat' dir='ltr'>intraverunt</span> <span class='ocrx_word' id='word_1_162' title='bbox 332 3325 572 3409; x_wconf 86' lang='lat' dir='ltr'>fraternitatem</span> <span class='ocrx_word' id='word_1_163' title='bbox 592 3332 626 3388; x_wconf 88' lang='lat' dir='ltr'>et</span> <span class='ocrx_word' id='word_1_164' title='bbox 647 3325 807 3389; x_wconf 91' lang='lat' dir='ltr'>dederunt</span> <span class='ocrx_word' id='word_1_165' title='bbox 827 3326 1001 3390; x_wconf 89' lang='lat' dir='ltr'>elemosine</span> <span class='ocrx_word' id='word_1_166' title='bbox 1023 3349 1120 3390; x_wconf 90' lang='lat' dir='ltr'>unam</span> <span class='ocrx_word' id='word_1_167' title='bbox 1143 3328 1269 3412; x_wconf 90' lang='lat' dir='ltr'>peciam</span> 
     </span>
     <span class='ocr_line' id='line_1_26' title="bbox 103 3421 1370 3519; baseline 0.002 -25"><span class='ocrx_word' id='word_1_168' title='bbox 103 3431 236 3515; x_wconf 84' lang='lat' dir='ltr'>argenti</span> <span class='ocrx_word' id='word_1_169' title='bbox 263 3433 304 3494; x_wconf 92' lang='lat' dir='ltr'>ad</span> <span class='ocrx_word' id='word_1_170' title='bbox 331 3429 516 3493; x_wconf 90' lang='lat' dir='ltr'>faciendum</span> <span class='ocrx_word' id='word_1_171' title='bbox 543 3429 574 3514; x_wconf 89' lang='lat' dir='ltr'>ij.</span> <span class='ocrx_word' id='word_1_172' title='bbox 603 3431 747 3494; x_wconf 91' lang='lat' dir='ltr'>urceolos</span> <span class='ocrx_word' id='word_1_173' title='bbox 773 3439 944 3516; x_wconf 87' lang='lat' dir='ltr'>argenteos</span> <span class='ocrx_word' id='word_1_174' title='bbox 970 3453 1028 3516; x_wconf 91' lang='lat' dir='ltr'>pro</span> <span class='ocrx_word' id='word_1_175' title='bbox 1054 3431 1206 3519; x_wconf 74' lang='lat' dir='ltr'>collegio²</span> <span class='ocrx_word' id='word_1_176' title='bbox 1236 3440 1269 3497; x_wconf 90' lang='lat' dir='ltr'>et</span> <span class='ocrx_word' id='word_1_177' title='bbox 1282 3421 1370 3518; x_wconf 53' lang='grc' dir='ltr'>ξῆιξξῑθ</span> 
     </span>
     <span class='ocr_line' id='line_1_27' title="bbox 104 3533 1268 3618; baseline 0.001 -19"><span class='ocrx_word' id='word_1_178' title='bbox 104 3557 194 3599; x_wconf 62' lang='lat' dir='ltr'>xxa.</span> <span class='ocrx_word' id='word_1_179' title='bbox 216 3535 343 3618; x_wconf 85' lang='lat' dir='ltr'>argenti</span> <span class='ocrx_word' id='word_1_180' title='bbox 366 3541 401 3597; x_wconf 91' lang='lat' dir='ltr'>et</span> <span class='ocrx_word' id='word_1_181' title='bbox 423 3555 538 3597; x_wconf 90' lang='lat' dir='ltr'>ceram.</span> <span class='ocrx_word' id='word_1_182' title='bbox 584 3533 639 3598; x_wconf 87' lang='lat' dir='ltr'>sol.</span> <span class='ocrx_word' id='word_1_183' title='bbox 662 3556 769 3600; x_wconf 84' lang='lat' dir='ltr'>ceram</span> <span class='ocrx_word' id='word_1_184' title='bbox 792 3534 958 3599; x_wconf 87' lang='lat' dir='ltr'>thesaurie</span> <span class='ocrx_word' id='word_1_185' title='bbox 981 3543 1015 3600; x_wconf 92' lang='lat' dir='ltr'>et</span> <span class='ocrx_word' id='word_1_186' title='bbox 1037 3535 1160 3601; x_wconf 92' lang='lat' dir='ltr'>habent</span> <span class='ocrx_word' id='word_1_187' title='bbox 1180 3537 1268 3601; x_wconf 90' lang='lat' dir='ltr'>diem</span> 
     </span>
     <span class='ocr_line' id='line_1_28' title="bbox 104 3637 1270 3725; baseline 0.001 -22"><span class='ocrx_word' id='word_1_188' title='bbox 104 3638 281 3704; x_wconf 89' lang='lat' dir='ltr'>solucionis</span> <span class='ocrx_word' id='word_1_189' title='bbox 305 3637 386 3700; x_wconf 86' lang='lat' dir='ltr'>citra</span> <span class='ocrx_word' id='word_1_190' title='bbox 405 3637 526 3700; x_wconf 88' lang='lat' dir='ltr'>festum</span> <span class='ocrx_word' id='word_1_191' title='bbox 549 3637 759 3701; x_wconf 84' lang='lat' dir='ltr'>exaltacionis</span> <span class='ocrx_word' id='word_1_192' title='bbox 782 3637 902 3702; x_wconf 89' lang='lat' dir='ltr'>Sancte</span> <span class='ocrx_word' id='word_1_193' title='bbox 925 3637 1057 3704; x_wconf 81' lang='lat' dir='ltr'>Crucis:</span> <span class='ocrx_word' id='word_1_194' title='bbox 1080 3637 1270 3725; x_wconf 79' lang='lat' dir='ltr'>†tradidit†</span> 
     </span>
     <span class='ocr_line' id='line_1_29' title="bbox 102 3741 647 3828; baseline -0.002 -22"><span class='ocrx_word' id='word_1_195' title='bbox 102 3743 445 3828; x_wconf 86' lang='lat' dir='ltr'>peciam-argenteam</span> <span class='ocrx_word' id='word_1_196' title='bbox 469 3741 500 3806; x_wconf 86' lang='lat' dir='ltr'>J.</span> <span class='ocrx_word' id='word_1_197' title='bbox 524 3741 647 3827; x_wconf 90' lang='lat' dir='ltr'>Hardy.</span> 
     </span>
    </p>

    <p class='ocr_par' dir='ltr' id='par_1_17' title="bbox 174 3844 1268 3926">
     <span class='ocr_line' id='line_1_30' title="bbox 174 3844 1268 3926; baseline 0.003 -16"><span class='ocrx_word' id='word_1_198' title='bbox 174 3847 337 3910; x_wconf 87' lang='lat' dir='ltr'>Robertus</span> <span class='ocrx_word' id='word_1_199' title='bbox 360 3845 400 3910; x_wconf 93' lang='lat' dir='ltr'>de</span> <span class='ocrx_word' id='word_1_200' title='bbox 424 3844 564 3909; x_wconf 90' lang='lat' dir='ltr'>Linham</span> <span class='ocrx_word' id='word_1_201' title='bbox 587 3846 627 3910; x_wconf 93' lang='lat' dir='ltr'>de</span> <span class='ocrx_word' id='word_1_202' title='bbox 651 3846 785 3911; x_wconf 90' lang='lat' dir='ltr'>London</span> <span class='ocrx_word' id='word_1_203' title='bbox 809 3849 946 3913; x_wconf 90' lang='lat' dir='ltr'>intravit</span> <span class='ocrx_word' id='word_1_204' title='bbox 970 3849 1211 3926; x_wconf 84' lang='lat' dir='ltr'>fraternitatem</span> <span class='ocrx_word' id='word_1_205' title='bbox 1235 3856 1268 3914; x_wconf 91' lang='lat' dir='ltr'>et</span> 
     </span>
    </p>
   </div>
   <div class='ocr_carea' id='block_1_15' title="bbox 102 3949 1265 4019">
    <p class='ocr_par' dir='ltr' id='par_1_18' title="bbox 102 3949 1265 4019">
     <span class='ocr_line' id='line_1_31' title="bbox 102 3949 1265 4019; baseline 0.001 -2"><span class='ocrx_word' id='word_1_206' title='bbox 102 3950 199 4017; x_wconf 88' lang='lat' dir='ltr'>dedit</span> <span class='ocrx_word' id='word_1_207' title='bbox 226 3949 401 4014; x_wconf 86' lang='lat' dir='ltr'>elemosine</span> <span class='ocrx_word' id='word_1_208' title='bbox 426 3971 510 4015; x_wconf 66' lang='lat' dir='ltr'>xxc.</span> <span class='ocrx_word' id='word_1_209' title='bbox 536 3958 570 4012; x_wconf 91' lang='lat' dir='ltr'>et</span> <span class='ocrx_word' id='word_1_210' title='bbox 597 3949 696 4014; x_wconf 90' lang='lat' dir='ltr'>habet</span> <span class='ocrx_word' id='word_1_211' title='bbox 722 3951 810 4015; x_wconf 90' lang='lat' dir='ltr'>diem</span> <span class='ocrx_word' id='word_1_212' title='bbox 838 3951 1011 4017; x_wconf 86' lang='lat' dir='ltr'>solucionis</span> <span class='ocrx_word' id='word_1_213' title='bbox 1038 3953 1120 4018; x_wconf 87' lang='lat' dir='ltr'>eitra</span> <span class='ocrx_word' id='word_1_214' title='bbox 1146 3955 1265 4019; x_wconf 88' lang='lat' dir='ltr'>festum</span> 
     </span>
    </p>
   </div>
   <div class='ocr_carea' id='block_1_16' title="bbox 1 4054 842 4141">
    <p class='ocr_par' dir='ltr' id='par_1_19' title="bbox 1 4054 842 4141">
     <span class='ocr_line' id='line_1_32' title="bbox 1 4054 842 4141; baseline -0.002 -17"><span class='ocrx_word' id='word_1_215' title='bbox 1 4065 2 4070; x_wconf 75' lang='grc'>’</span> <span class='ocrx_word' id='word_1_216' title='bbox 103 4055 258 4141; x_wconf 80' lang='lat' dir='ltr'>Corporis</span> <span class='ocrx_word' id='word_1_217' title='bbox 282 4054 415 4121; x_wconf 82' lang='lat' dir='ltr'>Christi.</span> <span class='ocrx_word' id='word_1_218' title='bbox 460 4055 516 4120; x_wconf 88' lang='lat' dir='ltr'>sol.</span> <span class='ocrx_word' id='word_1_219' title='bbox 538 4077 645 4120; x_wconf 89' lang='lat' dir='ltr'>ceram</span> <span class='ocrx_word' id='word_1_220' title='bbox 669 4055 842 4122; x_wconf 85' lang='lat' dir='ltr'>thesauris.</span> 
     </span>
    </p>
   </div>
   <div class='ocr_carea' id='block_1_17' title="bbox 352 4243 977 4310">
    <p class='ocr_par' dir='ltr' id='par_1_20' title="bbox 352 4243 977 4310">
     <span class='ocr_line' id='line_1_33' title="bbox 352 4243 977 4310; baseline -0.002 -15"><span class='ocrx_word' id='word_1_221' title='bbox 352 4246 361 4278; x_wconf 85' lang='lat'>¹</span> <span class='ocrx_word' id='word_1_222' title='bbox 379 4247 470 4310; x_wconf 83' lang='lat' dir='ltr'>Henry</span> <span class='ocrx_word' id='word_1_223' title='bbox 482 4247 509 4296; x_wconf 83' lang='lat' dir='ltr'>of</span> <span class='ocrx_word' id='word_1_224' title='bbox 520 4245 672 4306; x_wconf 83' lang='lat' dir='ltr'>Grosmont,</span> <span class='ocrx_word' id='word_1_225' title='bbox 686 4243 763 4294; x_wconf 82' lang='lat' dir='ltr'>made</span> <span class='ocrx_word' id='word_1_226' title='bbox 774 4244 849 4294; x_wconf 84' lang='lat' dir='ltr'>Duke</span> <span class='ocrx_word' id='word_1_227' title='bbox 860 4244 888 4294; x_wconf 91' lang='lat' dir='ltr'>in</span> <span class='ocrx_word' id='word_1_228' title='bbox 902 4245 977 4296; x_wconf 71' lang='grc' dir='ltr'>1351.ι</span> 
     </span>
    </p>
   </div>
   <div class='ocr_carea' id='block_1_18' title="bbox 351 4327 1021 4474">
    <p class='ocr_par' dir='ltr' id='par_1_21' title="bbox 351 4327 1021 4474">
     <span class='ocr_line' id='line_1_34' title="bbox 353 4327 968 4392; baseline -0.003 -13"><span class='ocrx_word' id='word_1_229' title='bbox 353 4329 363 4361; x_wconf 69' lang='lat'>⁹</span> <span class='ocrx_word' id='word_1_230' title='bbox 379 4330 412 4379; x_wconf 91' lang='lat' dir='ltr'>In</span> <span class='ocrx_word' id='word_1_231' title='bbox 423 4329 468 4380; x_wconf 90' lang='lat' dir='ltr'>the</span> <span class='ocrx_word' id='word_1_232' title='bbox 480 4328 583 4392; x_wconf 80' lang='lat' dir='ltr'>margin</span> <span class='ocrx_word' id='word_1_233' title='bbox 595 4335 611 4357; x_wconf 82' lang='lat'>‘¹</span> <span class='ocrx_word' id='word_1_234' title='bbox 620 4327 714 4377; x_wconf 84' lang='lat' dir='ltr'>Nota.&#39;’</span> <span class='ocrx_word' id='word_1_235' title='bbox 747 4375 751 4382; x_wconf 82' lang='grc'><em>,</em></span> <span class='ocrx_word' id='word_1_236' title='bbox 965 4363 968 4368; x_wconf 91' lang='grc'>-</span> 
     </span>
     <span class='ocr_line' id='line_1_35' title="bbox 351 4409 1021 4474; baseline 0.001 -14"><span class='ocrx_word' id='word_1_237' title='bbox 351 4411 361 4444; x_wconf 80' lang='lat'><strong>³</strong></span> <span class='ocrx_word' id='word_1_238' title='bbox 378 4412 400 4460; x_wconf 84' lang='grc' dir='ltr'>Δ</span> <span class='ocrx_word' id='word_1_239' title='bbox 412 4411 561 4462; x_wconf 88' lang='lat' dir='ltr'>benefactor</span> <span class='ocrx_word' id='word_1_240' title='bbox 573 4414 600 4462; x_wconf 87' lang='lat' dir='ltr'>to</span> <span class='ocrx_word' id='word_1_241' title='bbox 612 4411 657 4460; x_wconf 89' lang='lat' dir='ltr'>the</span> <span class='ocrx_word' id='word_1_242' title='bbox 669 4409 827 4474; x_wconf 63' lang='lat' dir='ltr'>Universa,</span> <span class='ocrx_word' id='word_1_243' title='bbox 839 4414 938 4461; x_wconf 75' lang='lat' dir='ltr'>Annulo</span> <span class='ocrx_word' id='word_1_244' title='bbox 949 4426 968 4463; x_wconf 91' lang='lat'>1.</span> <span class='ocrx_word' id='word_1_245' title='bbox 981 4413 1021 4464; x_wconf 82' lang='grc'>95.</span> 
     </span>
    </p>
   </div>
   <div class='ocr_carea' id='block_1_19' title="bbox 196 4508 1183 4574">
    <p class='ocr_par' dir='ltr' id='par_1_22' title="bbox 196 4508 1183 4574">
     <span class='ocr_line' id='line_1_36' title="bbox 196 4508 1183 4574; baseline -0.008 -14"><span class='ocrx_word' id='word_1_246' title='bbox 196 4513 225 4560; x_wconf 82' lang='lat' dir='ltr'>G.</span> <span class='ocrx_word' id='word_1_247' title='bbox 238 4515 270 4563; x_wconf 73' lang='lat' dir='ltr'>A.</span> <span class='ocrx_word' id='word_1_248' title='bbox 285 4513 314 4564; x_wconf 82' lang='lat' dir='ltr'>S.</span> <span class='ocrx_word' id='word_1_249' title='bbox 328 4513 423 4562; x_wconf 84' lang='lat' dir='ltr'>Octauo</span> <span class='ocrx_word' id='word_1_250' title='bbox 435 4513 528 4562; x_wconf 77' lang='lat' dir='ltr'>Serica.</span> <span class='ocrx_word' id='word_1_251' title='bbox 562 4512 609 4560; x_wconf 89' lang='lat' dir='ltr'>No.</span> <span class='ocrx_word' id='word_1_252' title='bbox 623 4508 740 4559; x_wconf 81' lang='lat' dir='ltr'><strong><em>XXXIX.</em></strong></span> <span class='ocrx_word' id='word_1_253' title='bbox 1162 4514 1183 4574; x_wconf 82' lang='lat'><em>4</em></span> 
     </span>
    </p>
   </div>
   <div class='ocr_carea' id='block_1_20' title="bbox 0 0 1590 5104">
    <p class='ocr_par' dir='ltr' id='par_1_23' title="bbox 0 0 1590 5104">
     <span class='ocr_line' id='line_1_37' title="bbox 0 0 1590 5104; baseline 0 2"><span class='ocrx_word' id='word_1_254' title='bbox 0 0 1590 5104; x_wconf 95' lang='lat' dir='ltr'> </span> 
     </span>
    </p>
   </div>
  </div>
 </body>
</html>
