3170 5104
281 403 324 466 84
692 417 895 466 cnusnruon
917 417 1027 466 ortus.

118 573 261 672 ffiffgffl}
283 581 317 638 et
336 573 491 638 intersint
505 572 630 638 virtute
646 572 830 658 juramenti
849 572 910 650 sui,
925 573 954 637 si
974 572 1009 638 in
1030 573 1119 638 dicta
1133 572 1212 637 villa
1233 570 1448 658 cantebrigia

119 671 218 768 'ffly
282 685 450 762 presentes
470 675 602 754 fuerint,
623 676 777 740 videlieet
799 676 833 739 in
854 676 908 741 die
929 676 1049 742 Sancte
1073 677 1232 742 Katerine
1256 675 1392 762 virginis
1414 682 1450 738 et

119 764 271 862 grffipyrrppy
283 780 434 857 martiris,
450 779 606 844 aceniam
627 779 680 844 die
697 779 789 844 Eune
808 780 956 865 proximo
971 787 1046 864 post
1062 780 1182 845 festum
1200 779 1322 845 Sancte
1338 778 1448 842 Trini-

121 861 271 948 iidiiii'ine
283 883 362 948 tatis
383 883 417 946 in
441 882 587 946 Ecclesia
606 881 721 946 Sancti
744 882 915 947 Benedicti
936 883 1132 968 supradicta,
1148 891 1183 947 et
1203 881 1326 947 ibidem
1345 903 1449 946 unam

121 956 210 996 massot
219 955 244 996 st
321 987 327 998 .

120 1002 245 1091 gnome
285 1009 417 1052 missam
443 985 655 1071 solempniter
688 1007 763 1049 cum
787 995 867 1051 nota
896 985 937 1049 de
960 985 1082 1051 Sancta
1105 987 1275 1063 Katerina,
1300 985 1449 1072 ejusdem

121 1061 260 1186 {fffflssifi
284 1090 420 1176 virginis
442 1089 505 1166 die,
520 1109 558 1152 ac
580 1089 683 1152 eciam
707 1088 844 1153 alteram
867 1089 999 1154 missam
1022 1113 1097 1155 cum
1120 1098 1200 1156 nota
1221 1089 1263 1155 de
1285 1089 1449 1174 Requiem

122 1193 264 1281 iflgffiidso,
285 1193 372 1258 dicto
393 1193 447 1258 die
467 1193 561 1257 Lune
579 1193 614 1257 in
633 1193 748 1256 eadem
768 1193 903 1258 ecclesia
925 1215 983 1278 pro
1005 1194 1161 1260 fratribus
1182 1203 1217 1259 et
1237 1193 1400 1258 sororibus
1416 1201 1451 1258 et

122 1251 272 1376 {wlff
285 1299 438 1364 omnibus
452 1297 716 1363 benefactoribus
731 1297 814 1362 vivis
830 1305 864 1362 et
880 1299 1045 1364 defunctis
1060 1299 1147 1364 dicte
1168 1307 1278 1364 nostre
1298 1297 1451 1382 fraterni-

122 1383 272 1480 lt‘il‘tlY'
285 1403 364 1467 tatis
398 1403 520 1467 faciant
554 1400 719 1479 celebrari,
749 1401 949 1466 oblacionem
980 1403 1021 1466 ad
1052 1403 1156 1467 dictas
1187 1403 1301 1467 missas
1330 1403 1451 1466 devote

122 1479 167 1518 and
175 1477 233 1518 dead

121 1525 273 1622 gpprpgpne
285 1519 413 1572 orantes
432 1514 466 1571 et
487 1506 652 1585 facientes,
668 1505 733 1570 nisi
753 1505 794 1570 de
810 1505 903 1590 justa
924 1513 958 1570 et
978 1506 1168 1571 racionabili
1188 1507 1313 1590 (causa)
1333 1527 1451 1590 appro-

122 1637 273 1725 ppgprpren
285 1611 393 1676 banda
408 1633 466 1696 per
481 1608 661 1676 Custodem
677 1610 735 1695 qui
751 1631 809 1694 pro
825 1617 971 1694 tempore
987 1609 1087 1674 fuerit
1103 1619 1137 1674 et
1152 1611 1233 1674 duos
1246 1609 1451 1673 Promotores

122 1734 265 1821 mgr
285 1714 352 1779 sint
368 1715 551 1780 excusandi.
598 1714 642 1779 Et
657 1714 685 1778 si
700 1713 862 1798 quisquis¹
872 1713 1016 1809 fratrum
1032 1723 1217 1778 nostrorum
1234 1714 1285 1778 vel
1303 1735 1450 1778 sororum

122 1828 231 1870 anonae
285 1819 371 1883 dicte
396 1825 506 1882 nostre
529 1817 618 1904 gilde
641 1826 753 1882 contra
774 1825 938 1882 statutum
960 1828 1108 1883 nostrum
1131 1819 1317 1904 predictum
1339 1817 1452 1903 aliquo

121 1943 221 2031 pnbgnrogr
285 1921 339 1987 die
369 1931 485 2009 captus
514 1923 615 1987 fuerit
642 1921 759 1987 absens
785 1930 822 1986 ut
848 1921 1051 2007 premittitur
1078 1923 1130 1987 vel
1156 1945 1264 1987 secum
1292 1929 1452 2007 preantea

122 2038 219 2126 ἓξὲξ
229 2086 253 2125 w
285 2025 509 2112 dispensatum
535 2049 601 2091 non
627 2027 734 2104 fuerit,
757 2027 860 2091 solvet
883 2027 1010 2091 custodi
1032 2027 1177 2112 predicto
1199 2027 1241 2091 ad
1267 2027 1451 2090 utilitatem

122 2133 272 2222 ffissffmmffl
286 2131 467 2196 communis
502 2131 622 2215 pixidis
658 2152 716 2195 seu
754 2131 834 2195 ciste
872 2130 917 2193 xii
927 2130 957 2196 d.
988 2131 1073 2194 infra
1110 2131 1143 2194 vi
1180 2130 1250 2196 dies
1287 2131 1451 2217 proximos

129 2255 132 2261 ·
286 2243 467 2319 sequentes.

122 2445 261 2535 merge
353 2441 381 2502 4.
428 2437 614 2503 Statuimus
635 2437 738 2503 eciam
758 2445 793 2502 et
813 2437 1000 2502 ordinamus
1018 2438 1105 2523 quod
1126 2437 1154 2502 si
1172 2439 1246 2523 quis
1265 2438 1364 2503 frater
1379 2439 1450 2503 sive

123 2542 254 2630 ffi‘ssffg
287 2541 433 2628 ejusdem
458 2565 540 2605 uxor
559 2543 611 2606 vel
634 2564 721 2606 soror
742 2541 829 2605 dicte
852 2549 961 2606 nostre
984 2541 1072 2627 gilde
1095 2564 1152 2606 seu
1175 2542 1392 2607 fraternitatis
1415 2544 1450 2607 in

123 2636 274 2733 fflssussfflssff'
289 2646 365 2710 villa
396 2646 610 2730 Centobrigia
639 2645 783 2720 decedat,
814 2667 880 2709 non
916 2646 1067 2710 obstante
1098 2646 1185 2731 quod
1214 2646 1294 2711 dicti
1326 2647 1451 2710 fratris²

124 2743 215 2820 {lilla
287 2773 369 2814 uxor
390 2773 558 2836 nunquam
582 2751 617 2814 in
640 2772 780 2814 sororem
803 2749 890 2814 dicte
912 2760 1021 2814 nostre
1039 2751 1127 2835 gilde
1146 2760 1277 2836 recepta
1300 2751 1449 2815 extiterit

123 2826 222 2876 imm
286 2856 338 2920 vel
360 2855 482 2940 jurata,
503 2854 590 2940 quod
612 2864 692 2919 tune
715 2877 825 2919 omnes
849 2862 883 2919 et
905 2855 1028 2940 singuli
1057 2855 1233 2920 confratres
1262 2864 1297 2921 et
1327 2878 1450 2920 sorores

123 2959 272 3048 ffiggffffl
288 2961 374 3025 dicte
395 2971 503 3024 nostre
522 2959 611 3045 gilde
631 2982 689 3045 per
704 2959 784 3024 duos
799 2967 999 3044 promotores
1014 2959 1072 3043 qui
1087 2982 1145 3045 pro
1160 2968 1309 3046 tempore
1326 2961 1450 3024 fuerint

123 3055 275 3144 ffi‘gssffl
288 3062 339 3125 vel
358 3062 498 3126 alterum
518 3061 707 3127 eorumdem
722 3062 982 3146 premuniantur,
998 3070 1037 3126 ut
1054 3061 1089 3126 in
1109 3062 1229 3147 vigiliis
1246 3063 1399 3128 videlieet
1414 3065 1448 3128 in

123 3151 251 3239 ξῖοᾞέἳῖ
288 3168 401 3252 Dirige
431 3189 487 3231 seu
524 3166 682 3252 Exequiis
712 3167 793 3232 dicti
823 3167 971 3232 defuncti
1001 3168 1164 3246 intersint,
1194 3192 1231 3234 ac
1261 3171 1363 3234 eciam
1395 3171 1449 3235 die

122 3245 240 3390 ξᾙέῗ
287 3272 455 3357 sepulture
486 3271 642 3358 ejusdem,
672 3271 714 3336 ad
745 3273 913 3338 ecclesiam
944 3273 1162 3359 parochialem
1192 3275 1378 3340 decedentis
1410 3297 1448 3340 eo

122 3387 252 3476 gffieghe
286 3383 433 3460 tempore
459 3397 524 3461 quo
552 3375 648 3440 missa
671 3375 711 3439 de
735 3375 896 3462 Requiem
919 3399 977 3462 pro
1000 3376 1071 3462 ejus
1093 3377 1203 3440 anima
1226 3377 1447 3462 [decantatur]

122 3483 274 3572 ffltgggffiss
286 3480 384 3543 simul
400 3480 610 3557 conveniant,¹
620 3480 740 3544 devote
760 3502 819 3566 pro
841 3480 911 3566 ejus
930 3481 1040 3545 anima
1061 3491 1190 3546 orantes
1211 3490 1245 3547 et
1265 3482 1447 3547 oblaciones

122 3577 272 3667 ffighpgffg}
285 3583 496 3668 solempniter
521 3583 686 3660 facientes,
711 3607 771 3648 nec
801 3585 915 3671 quovis
947 3585 1041 3650 modo
1072 3585 1260 3650 recedentes
1290 3587 1446 3672 quamdiu

121 3673 273 3762 fflffimssffl
285 3687 383 3751 missa
413 3686 560 3772 predicta
590 3687 773 3752 celebratur
802 3687 866 3752 nisi
897 3689 1032 3754 licencia
1062 3712 1082 3754 a
1112 3689 1245 3755 custode
1276 3692 1382 3776 petita
1412 3701 1446 3756 et

121 3769 273 3904 {igtfflffi'
285 3800 438 3877 optenta;
462 3792 548 3877 quod
567 3791 596 3856 si
614 3801 706 3857 extra
727 3793 838 3858 villam
858 3793 1069 3880 Cantebrigie
1092 3795 1166 3880 quis
1186 3797 1238 3860 vel
1261 3819 1324 3882 que
1347 3798 1447 3862 frater

122 3911 232 4000 fflnffi
285 3897 337 3959 vel
357 3918 444 3960 soror
463 3895 551 3961 dicte
570 3908 679 3962 nostre
699 3897 913 3962 fraternitatis
935 3897 1109 3982 [decedat]‚
1131 3907 1211 3964 tunc
1229 3899 1341 3963 statim
1361 3900 1445 3964 infra

122 4007 263 4095 {statua}
285 3999 318 4063 vi
333 3999 403 4064 dies
419 4022 439 4062 a
454 4007 601 4085 tempore
614 4001 750 4065 sciencie
763 4024 820 4065 seu
833 4002 952 4066 noticie
965 4002 1209 4086 computandos,
1220 4001 1326 4067 dictus
1338 4012 1445 4069 custos

121 4101 273 4190 gpggrleave
285 4103 343 4190 qui
360 4125 419 4188 pro
440 4115 586 4187 tempore
605 4104 704 4168 fuerit
723 4127 835 4170 omnes
853 4106 1029 4170 confratres
1045 4115 1080 4170 et
1095 4128 1218 4171 sorores
1234 4106 1320 4171 dicte
1336 4117 1445 4174 nostre

122 4197 264 4286 llfflh„
285 4206 373 4291 gilde
392 4207 427 4270 in
442 4205 531 4271 dicta
547 4208 682 4272 ecclesia
705 4207 819 4273 Sancti
838 4208 1013 4274 Benedicti
1036 4231 1231 4296 congregare
1254 4210 1396 4290 studeat,
1415 4222 1448 4276 et

743 4352 753 4384 ¹
770 4352 826 4404 MS.
839 4353 956 4415 quisque.

741 4431 752 4462 ²
769 4433 824 4484 MS.
840 4434 1020 4486 fraternitatis.
