3152 5104
449 399 533 448 erno
555 401 599 448 or
621 401 691 449 run
715 402 808 450 soor
830 403 983 453 rsrurvr.
1234 392 1296 456 119

130 553 282 618 omnium
299 553 536 631 testimonium,
552 554 630 640 quia
644 553 790 640 sigillum
805 577 977 621 commune
993 556 1101 622 adhuc
1115 580 1180 622 non
1198 557 1296 621 habe·
1310 574 1400 662 &¹¹¹¹ss

130 679 216 734 mus,
254 681 312 723 nos
349 658 468 743 prefati
501 658 680 735 Johanncs,
713 657 891 736 Johauncs,
921 659 1100 738 Johannes,
1130 661 1298 739 Ricardus,
1311 633 1457 758 &pm

128 763 151 827 J
153 763 313 840 ohannes,
329 763 492 829 Robertns
510 772 545 828 et
565 762 679 828 Simon
698 763 757 828 has
777 763 905 830 litteras
920 775 1047 830 nostras
1061 774 1213 851 patentes
1227 766 1298 830 fieri

129 867 272 932 fecimus
302 876 336 933 et
366 868 481 954 sigillis
511 869 631 934 nostris
661 868 853 954 consignari.
899 868 1025 934 Datum
1056 869 1145 956 apud
1175 869 1297 936 Oante-
1311 879 1454 976 fflifg‘mh

128 1077 377 1162 septuagesimo
397 1077 546 1162 septimo.

197 1181 280 1246 Post
295 1203 433 1268 quorum
448 1181 583 1267 quidem
598 1188 797 1248 statutorum
813 1189 848 1247 et
868 1179 1112 1246 ordinacionum
1134 1190 1297 1266 presenta-
1311 1193 1448 1244 TheBishoo

128 1284 262 1350 cionem
289 1294 324 1351 et
351 1285 600 1365 exhibicionem,
624 1285 762 1371 predicti
791 1284 1034 1350 Aldermannus
1061 1293 1095 1350 et
1122 1287 1298 1350 confratres
1311 1242 1453 1330 peragentes

128 1391 227 1456 nobis
248 1413 325 1456 cum
342 1389 504 1456 instancia
523 1391 749 1478 supplicaumt
772 1400 811 1456 ut
831 1391 979 1477 predicta
999 1399 1125 1457 statuta
1151 1400 1186 1456 et
1214 1391 1298 1456 ordi-
1311 1337 1463 1482 {ffissfiw

129 1493 289 1558 naciones
311 1493 470 1580 inspicere
494 1502 529 1559 et
551 1494 737 1560 examinare
767 1501 802 1558 et
831 1516 929 1579 super
959 1493 1080 1559 eisdem
1115 1503 1150 1560 et
1187 1516 1298 1559 eorum
1311 1444 1462 1528 “mlum

129 1597 273 1684 singulis
303 1607 430 1663 motum
460 1599 564 1663 animi
593 1597 697 1664 nostri
726 1597 856 1683 plenius
885 1598 1069 1674 informare,
1100 1607 1134 1662 et
1168 1599 1193 1663 si
1226 1607 1300 1683 post

132 1702 329 1789 diligentem
360 1702 637 1770 examinacionem
673 1701 862 1788 hujusmodi
899 1702 1119 1768 inveniremus
1156 1725 1195 1768 ea
1232 1703 1298 1768 fore

130 1807 347 1873 racionabilis
378 1816 412 1873 et
444 1808 609 1894 legittima
646 1815 680 1872 et
714 1806 753 1872 ad
793 1807 948 1872 honorem
985 1807 1049 1872 Dei
1088 1815 1122 1873 et
1158 1808 1298 1874 salutern

130 1911 320 1977 animarum
342 1921 377 1978 et
397 1911 522 1977 nullius
544 1911 754 1996 dispendium
777 1910 959 1990 tendentia,
983 1911 1054 1997 ipsa
1077 1912 1242 1997 publicare
1265 1921 1301 1978 et

130 2037 190 2100 pro
206 2016 355 2101 ipsorum
375 2014 542 2092 firmitate,
556 2013 699 2079 efficacia
720 2021 754 2078 et
770 2013 878 2078 valore
898 2013 1071 2080 decernere
1087 2023 1121 2078 et
1135 2014 1298 2080 declarare

132 2142 241 2207 eaque
271 2120 478 2198 auctorizare,
509 2119 698 2185 confirmare
729 2127 764 2184 ct
793 2119 973 2204 approbare
1003 2127 1216 2205 nostrumque
1244 2119 1298 2184 de-

130 2233 264 2290 cretum
302 2231 337 2289 et
373 2223 605 2289 auctoritatem
639 2222 834 2288 ordinariam
860 2222 1062 2308 judicialiter
1091 2223 1298 2310 interponere

132 2329 367 2418 dignaremur:
403 2328 473 2393 Nos
499 2327 603 2414 igitur
629 2327 786 2393 Officialis
816 2327 956 2392 Eliensis
985 2335 1020 2392 et
1051 2326 1299 2396 commissarius
1311 2347 1438 2437 &⁰33¹

132 2433 343 2520 supradictus
358 2432 569 2498 attendentes
584 2431 729 2516 ipsorum
744 2431 1019 2517 supplicacionem
1036 2431 1102 2496 fore
1116 2433 1241 2518 justam
1264 2443 1299 2498 et
1312 2444 1378 2484 aas

132 2561 311 2604 consonam
327 2537 458 2615 racioni,
473 2543 601 2601 statuta
616 2543 650 2600 et
665 2535 888 2601 ordinaciones
903 2535 1053 2622 superius
1071 2536 1209 2603 recitata
1224 2561 1297 2602 cum
1311 2502 1372 2580 illud
1379 2492 1440 2580 lili

132 2645 235 2729 plena
250 2643 487 2708 deliberacione
500 2640 652 2718 vidimus,
661 2639 872 2726 inspeximus,
884 2648 919 2706 et
931 2663 989 2726 per
1000 2663 1112 2706 omnes
1127 2642 1300 2707 advocatos
1313 2587 1430 2628 mmm

134 2748 321 2815 consistorii
336 2747 487 2824 Eliensis,
502 2753 537 2812 et
557 2746 639 2811 alios
654 2745 740 2811 viros
755 2747 920 2832 sapientes
936 2755 970 2811 et
985 2747 1165 2832 prudentes
1180 2748 1299 2812 utrius·

135 2875 201 2940 quc
212 2852 298 2939 juris
312 2851 434 2938 peritos
449 2849 629 2916 examinari
645 2857 679 2915 et
694 2872 769 2916 cum
784 2872 913 2915 summa
927 2849 1100 2935 diligencia
1115 2858 1149 2914 et
1165 2851 1299 2916 maturi-

135 2968 208 3024 tate
234 2956 348 3022 debita
371 2955 508 3021 fecimus
538 2954 707 3020 recenseri.
752 2955 797 3018 Et
827 2954 905 3040 quia
934 2976 993 3040 per
1022 2954 1298 3019 examinacionem
1311 2965 1367 3053 212ss
1365 2963 1431 3052 tpggn
1432 3011 1447 3051 d

134 3061 326 3150 hujusmodi
340 3061 528 3126 invenimus
546 3067 672 3125 statuta
692 3066 728 3124 et
748 3058 971 3123 ordinaciones
991 3059 1180 3144 supradicta
1200 3059 1298 3124 fuisse
1312 3061 1368 3110 Μ

136 3177 170 3234 et
196 3190 266 3233 esse
289 3166 498 3232 racionabilis
520 3173 554 3230 et
576 3164 742 3250 legittima
763 3163 806 3229 ad
831 3163 988 3229 honorem
1011 3174 1045 3229 et
1071 3165 1202 3228 laudem
1225 3165 1299 3242 Dei,

135 3271 242 3337 divini
257 3271 366 3337 cultus
380 3277 595 3356 augmentum
612 3277 646 3334 et
661 3269 803 3334 salutem
818 3267 1012 3345 animarum,
1027 3290 1094 3332 non
1109 3269 1243 3354 quidem
1259 3291 1299 3332 ex

135 3375 273 3441 levitate
302 3374 422 3461 aliqua,
453 3374 509 3439 sed
540 3396 581 3438 ex
606 3373 691 3438 bono
717 3383 751 3438 et
778 3372 956 3438 deliberato
980 3373 1154 3458 proposito,
1177 3373 1299 3458 absque

137 3480 227 3546 omni
257 3478 409 3566 nequicia
438 3501 496 3544 seu
529 3485 714 3544 commento
751 3476 880 3542 malicie
917 3484 1081 3560 quatenus
1117 3477 1298 3542 humanum

133 3584 296 3670 judicium
319 3583 410 3648 nosci
432 3583 520 3662 sinit,
544 3582 601 3648 sed
624 3583 747 3647 sincere
769 3581 954 3646 devocionis
976 3582 1096 3647 affectu
1119 3581 1154 3646 in
1177 3581 1300 3646 nullius

137 3690 237 3754 fuisse
267 3696 326 3753 aut
356 3710 426 3757 esse
456 3687 666 3774 dispendium
696 3685 891 3764 introducta,
919 3695 1018 3772 prout
1050 3708 1109 3771 per
1140 3686 1230 3751 dicta
1265 3694 1299 3750 et

137 3792 359 3880 deposiciones
371 3791 507 3857 testium
523 3790 587 3856 fide
598 3789 771 3876 dignorum
784 3811 882 3878 super
896 3789 958 3854 hoc
968 3790 1155 3876 juratorum
1171 3799 1205 3854 et
1220 3789 1300 3854 alias

137 3895 385 3962 informaciones
407 3894 507 3960 nobis.
522 3893 734 3970 ministratas,
757 3893 951 3980 accepimus,
972 3893 1086 3958 habita
1108 3915 1205 3979 super
1227 3915 1299 3978 pre-

31 4013 34 4020 '
137 4004 244 4069 missis
263 4025 338 4066 cum
359 4001 474 4087 peritis
495 3999 589 4065 nobis
609 3998 830 4065 assidentibus
851 3997 1089 4064 deliberacione
1108 3997 1243 4084 provida
1265 4002 1421 4064 et⁸¹l³¹d¹⁸·

1311 4051 1405 4098 cumion,
1415 4051 1453 4090 the

137 4116 276 4184 matura,
302 4105 425 4171 vocatis
451 4104 493 4169 ad
517 4104 578 4169 hoc
601 4103 766 4189 legittime
788 4112 859 4169 tam
881 4103 1019 4168 Rectore
1045 4126 1145 4189 quarn
1170 4103 1299 4168 Vicario
1312 4099 1435 4186 &¹02OE

137 4212 224 4277 dicte
250 4209 385 4276 ecclesie
412 4209 534 4275 Sancte
560 4208 733 4274 Trinitatis
759 4206 973 4294 Oantebrigie
995 4216 1029 4274 et
1052 4207 1204 4274 omnibus
1226 4207 1299 4272 aliis
1312 4193 1464 4281 {ffllffl'

137 4317 172 4381 in
196 4337 315 4404 genere
337 4337 476 4400 quorum
498 4313 645 4391 interest,
668 4313 827 4398 premissa
848 4312 962 4378 debita
984 4335 1079 4378 cause
1103 4313 1298 4400 cognicione‚
1312 4289 1447 4339 ΨΜ

137 4417 469 4504 concurrentibusque
495 4416 649 4484 omnibus
675 4439 740 4502 que
767 4417 808 4482 de
830 4416 906 4502 jure
932 4416 1151 4503 requiruntur,
1174 4413 1300 4481 Christi
