3194 5120
7 2879 10 2978 l

446 411 577 458 CORPUS
599 410 738 460 CHRISTI
761 413 852 464 sILD.

484 625 537 689 fol.
562 624 621 690 lb.
668 625 735 710 [No
758 627 859 711 date]

152 781 343 846 Willelmus
369 780 562 866 Lyndeseye
586 789 621 845 et
643 780 751 845 Alicia
773 803 855 846 uxor
882 782 954 868 ejus
980 804 1039 867 per
1064 783 1164 847 finem
1191 807 1219 848 x.
1229 806 1253 848 s.

86 887 122 950 in
136 893 216 950 toto.
263 885 364 950 soluit
382 907 489 949 ceram
506 884 574 950 ‘’Sf'
591 884 691 949 debet
708 908 737 950 x.
746 907 769 950 a.

153 991 321 1056 Robertus
337 988 487 1054 Barbour
501 989 639 1053 intravit
654 1011 712 1074 per
726 989 825 1054 finem
848 991 888 1076 vj.
898 1014 921 1056 s.
944 1000 979 1056 et
999 993 1066 1078 viij.
1079 993 1108 1058 d.
1154 993 1254 1057 soluit

85 1117 195 1162 ceram
211 1093 243 1159 S.
262 1101 296 1158 et
311 1093 410 1158 soluit
426 1101 532 1158 totum
551 1093 583 1158 S.

153 1200 318 1264 Dominus
327 1198 511 1263 Willelmus
521 1198 661 1264 vicarius
671 1199 804 1264 ecclesie
814 1207 925 1264 sancte
936 1200 1107 1264 Trinitatis
1116 1200 1253 1265 intravit

85 1327 145 1390 per
160 1305 261 1370 finem
277 1304 319 1389 vj.
329 1326 352 1368 a.
369 1311 403 1368 et
420 1303 486 1388 viij.
497 1303 526 1368 d.
544 1313 578 1367 et
594 1304 635 1388 vj.
646 1303 676 1368 d.
692 1326 751 1389 pro
767 1325 847 1368 cera
893 1303 992 1368 soluit
1008 1304 1152 1370 ‘'totum‘’
1169 1305 1201 1370 S.

154 1408 293 1472 Helsote
303 1408 346 1490 (l)
362 1429 444 1470 uxor
459 1405 550 1471 Petri
565 1406 595 1470 le
610 1406 671 1472 eok
688 1406 826 1472 intravit
846 1428 905 1492 per
923 1407 1021 1472 finem
1044 1429 1070 1470 v.
1081 1430 1104 1474 s.
1121 1417 1155 1472 et
1169 1408 1210 1493 vj.
1221 1409 1252 1475 d.

84 1535 145 1598 pro
161 1535 242 1576 cera.
290 1512 345 1576 sol.
362 1533 468 1577 ceram
485 1511 518 1576 S.

153 1615 288 1680 Ysoude
312 1638 393 1680 uxor
416 1615 583 1680 Edmundi
610 1616 651 1680 de
678 1616 879 1680 Bernewelle
906 1615 1043 1680 intravit
1069 1639 1127 1700 per
1152 1617 1250 1682 finem

86 1743 114 1784 v.
125 1742 149 1784 a.
196 1719 250 1783 sol.
267 1719 309 1804 vj.
320 1718 349 1784 cl.
366 1741 423 1805 pro
438 1741 512 1784 oera
527 1719 560 1784 S.
606 1719 661 1783 sol.
677 1727 785 1783 totum
801 1718 1004 1802 th[esaun'e].

154 1825 315 1912 Magister
334 1825 357 1889 J
359 1825 503 1890 ohannes
519 1825 559 1890 de
576 1825 704 1889 Merton
720 1825 858 1890 intravit
874 1825 1123 1890 fraternitatem.
1169 1826 1208 1911 vj.
1220 1827 1249 1892 d.

84 1952 145 2016 pro
161 1951 244 1994 cera.
291 1928 427 1993 ⁰soluit⁰
443 1929 482 1992 R.
498 1927 646 2013 P[owel].

153 2033 320 2098 Robertus
343 2031 434 2096 Colle
458 2032 499 2096 de
522 2032 664 2096 Sauston
688 2040 722 2096 et
746 2031 935 2097 Christiana
955 2055 1036 2096 uxor
1057 2033 1128 2118 ejus
1149 2033 1249 2098 intra·

86 2147 206 2203 verunt
232 2137 474 2201 fraternitatem
499 2157 557 2220 per
581 2135 681 2200 finem
707 2135 783 2221 xj.s.
811 2136 863 2199 ⁰in
890 2135 978 2200 toto0
1006 2144 1041 2200 et
1065 2137 1120 2201 sol.
1152 2137 1248 2223 xij.d.

85 2241 257 2327 Rio[ardo]
274 2240 420 2325 P[owel].
465 2241 520 2305 sol.
538 2239 571 2304 S.
587 2261 649 2304 v.a.

154 2346 313 2432 Magister
327 2346 350 2411 J
351 2346 494 2410 ohannes
510 2344 550 2408 de
567 2344 624 2410 Oo.

154 2451 314 2538 Magister
328 2451 351 2515 J
354 2451 499 2514 ohannes
514 2449 713 2534 Thursteyn.

153 2555 315 2620 Dominus
338 2553 479 2618 Thomas
502 2560 607 2618 rector
629 2552 670 2618 de
692 2551 820 2616 Hadele
842 2553 991 2637 promisit
1012 2553 1043 2637 ij.
1066 2575 1161 2618 maro.
1184 2576 1247 2617 non

81 2661 225 2746 juratus.

152 2763 316 2828 Dominus
331 2761 490 2826 Ricardus
505 2761 546 2826 de
563 2761 768 2847 Forlyngton·
780 2761 916 2826 intravit
932 2761 1182 2826 fraternitatem.

152 2866 317 2930 Dominus
339 2865 503 2930 Robertus
525 2873 613 2959 3orp¹
636 2865 773 2930 intravit
799 2865 1038 2930 fraternitatem
1066 2886 1123 2949 per
1149 2864 1247 2928 finem

85 2993 148 3036 na.
166 2979 201 3035 et
217 2969 256 3055 vj.
267 2969 298 3036 d.
313 2991 372 3054 pro
386 2991 467 3034 cera
514 2968 615 3033 soluit
630 2975 738 3032 totum
755 2968 928 3033 thesaurie.

153 3073 319 3137 Walterus
340 3073 381 3137 de
404 3072 522 3138 Girton
543 3071 680 3137 intravit
700 3071 940 3136 fraternitatem
965 3093 1023 3156 per
1046 3071 1145 3136 finem
1172 3072 1248 3157 vj.s.

85 3189 121 3244 et
137 3179 204 3264 viij.
215 3179 244 3244 d.
261 3187 296 3243 et
312 3178 355 3264 vj.
365 3177 394 3242 d.
411 3199 567 3263 procera
613 3177 712 3241 soluit
727 3184 845 3242 totum.

153 3284 316 3349 Dominus
350 3284 517 3349 Walterus
554 3283 595 3348 de
631 3283 796 3348 Bernham
832 3281 969 3347 intravit
1004 3280 1246 3346 fraternitatem

85 3387 239 3472 Corporis
262 3385 387 3454 Christi
411 3409 470 3472 per
489 3387 589 3451 finem
608 3409 670 3452 ns.
688 3394 722 3450 et
737 3386 793 3450 sol.
811 3385 851 3471 vj.
861 3386 892 3450 cl.
908 3407 966 3470 pro
982 3407 1055 3449 cera
1071 3384 1103 3449 S.
1148 3385 1248 3450 soluit

85 3501 196 3557 totum
212 3491 244 3556 S.

151 3596 267 3660 Petrus
283 3595 324 3659 de
341 3594 491 3679 Walpoul
507 3594 607 3658 ookus
623 3593 679 3658 sol.
696 3592 729 3659 S.
746 3593 791 3678 iij.
802 3615 825 3658 s.
842 3614 899 3676 pro
915 3592 1051 3677 antiquo
1068 3592 1186 3658 debito.

152 3699 319 3764 Walterus
335 3699 502 3764 Laurenoe
518 3706 553 3763 et
568 3697 667 3764 Oliva
682 3720 765 3762 uxor
780 3697 851 3783 ejus
871 3697 1079 3761 intraverunt
1100 3699 1246 3761 fraterni-

85 3812 190 3868 tatem
206 3803 360 3889 Corporis
378 3801 529 3888 [Christi]
545 3824 603 3888 per
618 3802 718 3868 finem
729 3802 754 3888 j.
771 3823 867 3867 marc.
885 3809 918 3866 et
934 3823 992 3886 pro
1007 3822 1081 3865 cera
1096 3801 1151 3887 xij.
1162 3801 1192 3866 d.
1214 3811 1248 3867 et

87 3907 174 3992 s[ol.]
191 3907 233 3972 ad
248 3908 369 3972 festum
385 3905 516 3970 Natalis
531 3905 663 3970 domini.
708 3907 764 3972 sol.
780 3907 856 3971 dim.
873 3927 969 3970 marc.
987 3905 1025 3970 R.

152 4011 176 4075 J
177 4011 307 4076 ohanna
328 4032 409 4074 uxor
429 4007 565 4073 Roberti
580 4009 610 4073 le
632 4008 840 4074 Chaundeler
855 4009 992 4074 intravit
1007 4007 1247 4073 fraternitatem

86 4136 144 4199 per
166 4113 266 4178 finem
288 4113 364 4178 dim.
389 4135 483 4177 maro.
507 4119 542 4176 et
564 4133 644 4176 cere.
690 4112 746 4176 sol.
764 4133 872 4176 ceram
888 4111 921 4177 S.
967 4111 1066 4176 soluit
1082 4111 1247 4176 Willelmo

87 4217 302 4304 tservienteJs
317 4219 394 4282 dim.
412 4239 506 4282 maro.

494 4429 503 4460 ¹
521 4429 587 4478 Over
598 4428 621 4477 is
633 4428 735 4478 written
747 4427 844 4491 'l'horp
