3170 5104
516 423 555 470 sr
576 405 810 470 Kirnuurun’s
833 421 925 471 cmo.
1257 404 1299 470 79

21 589 95 679 ,mn
134 599 247 642 eorum
271 585 379 642 aretro
402 577 446 640 sit
469 577 621 655 existens,
641 576 741 642 debet
768 576 953 642 satisfacere
976 577 1017 641 de
1040 575 1191 641 omnibus
1213 599 1299 641 arre-
1322 633 1328 642 .

19 683 98 772 {begga
131 681 243 767 ragiis,
267 690 303 745 et
324 681 475 745 similiter
498 681 598 746 debet
622 681 732 767 puniri
757 704 814 767 pro
838 682 917 745 falso
940 681 1129 767 juramento
1152 681 1300 766 prestito,

18 825 72 865 ju„
131 785 158 849 si
189 785 394 850 fraternitati
423 785 604 872 placuerit;
643 786 729 872 quod
759 785 893 871 quidem
919 785 1146 871 juramentum
1178 785 1300 870 singuli
1379 873 1381 878 Ι

19 779 68 818 urhe

16 873 83 964 pugg)
129 890 250 953 fratres
283 898 317 954 et
347 911 470 953 sorores
500 889 703 974 prestabunt,
728 889 763 952 in
794 889 953 974 principio
984 889 1138 954 introitus
1168 889 1228 967 sui,
1258 889 1298 954 ad

15 970 116 1102 ΨΜ
129 993 373 1059 observandum
389 994 499 1057 omnia
514 1003 547 1058 et
562 994 692 1081 singula
707 1003 835 1058 statuta
849 993 884 1057 in
899 993 962 1078 isto
978 993 1061 1057 libro
1077 993 1268 1079 conscripta.

15 1094 78 1177 [dar
88 1123 115 1152 on
128 1112 237 1153 anemae
245 1113 273 1154 to
281 1113 338 1163 keep
346 1113 384 1154 ene
392 1113 489 1153 nasuta

14 1184 15 1224 l

23 1299 98 1369 uuam
197 1279 227 1341 2.
278 1278 321 1342 Et
352 1277 492 1363 quilibet
517 1276 616 1340 frater
642 1285 676 1339 et
700 1298 787 1338 soror
812 1275 907 1340 istius
938 1275 1026 1363 gilde
1056 1276 1171 1360 diliget
1197 1276 1299 1342 alium

18 1395 38 1475 ᾗ
128 1379 216 1444 bono
233 1381 305 1445 zelo
320 1381 356 1444 in
372 1380 523 1444 omnibus
534 1379 632 1464 juxta
647 1401 747 1464 posse,
764 1380 886 1464 absque
902 1379 1081 1465 prejudicio
1091 1381 1176 1465 juris
1191 1381 1299 1458 alieni,

128 1491 162 1546 et
179 1493 284 1548 erunt
300 1483 509 1548 intendentes
524 1493 558 1547 et
574 1484 763 1548 obedientes
777 1484 939 1569 magistris
951 1484 985 1548 in
998 1484 1096 1548 licitis
1108 1497 1141 1549 et
1154 1485 1299 1550 honestis

128 1583 231 1649 istam
249 1585 371 1671 gildam
388 1585 666 1649 concernentibus.

198 1795 230 1856 3.
278 1791 322 1854 Et
344 1790 576 1854 aldermannus
599 1787 662 1853 erit
684 1789 868 1874 supervisor
890 1788 1035 1852 omnium
1058 1789 1154 1854 istam
1175 1791 1298 1878 gildam

21 1909 107 1998 'erne
129 1895 401 1958 concernencium
422 1903 456 1958 et
480 1916 564 1957 unus
583 1893 736 1978 magister
755 1893 900 1978 portabit
918 1893 1039 1958 clavem
1061 1895 1181 1980 pixidis
1204 1895 1299 1960 istius

128 1999 232 2083 gilde,
250 2023 314 2086 que
335 2001 467 2085 quidem
483 1999 569 2085 pixis
588 2009 697 2063 cerata
712 2021 811 2082 penes
827 1999 928 2062 aliurn
947 1999 1135 2084 magistrum
1153 2024 1297 2066 remane-

24 2099 81 2187 ’ξξξ
128 2103 190 2169 bit.
241 2106 285 2169 Et
301 2105 440 2190 predicti
455 2104 604 2190 magistri
620 2111 654 2167 et
669 2103 899 2166 aldermannus
915 2103 1053 2168 reddent
1067 2104 1197 2169 fidelem
1213 2127 1298 2169 com-

19 2254 25 2269 „
38 2245 113 2286 ,md
128 2217 251 2292 potum
270 2209 305 2273 in
326 2209 390 2272 fine
409 2207 586 2292 cujuslibet
608 2206 695 2282 anni,
712 2205 864 2270 videlicet
885 2206 920 2269 in
941 2206 994 2270 die
1011 2218 1122 2272 sancte
1140 2208 1298 2273 Katerine

24 2302 183 2425 vel
208 2315 245 2378 in
269 2313 409 2376 crastino
433 2313 579 2397 proximo
602 2320 758 2396 sequente
781 2310 876 2375 dictis
900 2311 1054 2376 fratribus
1080 2322 1114 2376 et
1137 2314 1297 2378 sororibus

17 2432 107 2521 errppgs
130 2439 191 2501 pro
208 2427 299 2493 tunc,
314 2417 346 2478 in
365 2415 432 2480 loco
448 2437 506 2500 per
521 2416 738 2500 apparitorem
755 2415 802 2478 eis
818 2415 1020 2500 assignando,
1033 2418 1247 2501 presentibus,
1263 2427 1298 2482 et

38 2540 42 2559 ·
78 2587 90 2616 e
131 2545 264 2587 sursum
286 2521 473 2585 liberabunt
493 2520 603 2584 omnia
624 2530 658 2584 et
676 2519 805 2604 singula
825 2521 910 2584 bona
928 2529 962 2585 et
983 2523 1100 2585 catalla
1115 2522 1227 2586 eodem
1244 2522 1297 2586 die

131 2627 183 2690 vel
199 2627 317 2690 saltem
334 2626 386 2690 die
403 2625 553 2710 sequenti
566 2625 656 2688 novis
668 2624 833 2711 magistris
845 2647 901 2708 pro
914 2648 998 2688 anno
1011 2626 1121 2689 futuro
1132 2626 1298 2710 eligendis,

23 2806 27 2816 ‚
132 2729 195 2794 snb
208 2752 293 2814 pena
305 2731 402 2794 unius
418 2753 523 2794 marce
539 2730 580 2794 ad
595 2729 736 2816 graciam
752 2729 967 2793 fraternitatis
983 2730 1137 2814 predicte,
1149 2740 1181 2794 et
1195 2731 1297 2794 nichi-

14 2861 104 2906 ,eunns
132 2831 277 2898 lominus
297 2835 496 2900 satisfacient
517 2835 563 2899 de·
576 2835 672 2900 dictis
693 2834 785 2898 bonis
804 2843 838 2899 et
856 2835 981 2898 catallis
1001 2858 1076 2899 cum
1099 2835 1297 2900 incremento

52 2909 120 2953 mm
134 2938 326 3004 eorumdem
350 2963 407 3024 pro
430 2948 499 3004 toto
522 2951 668 3024 tempore
692 2961 756 3023 quo
784 2939 970 3024 hujusmodi
995 2939 1080 3002 bona
1106 2940 1238 3004 fuerunt
1262 2940 1295 3004 in

12 2997 54 3039 hen
62 3003 94 3044 lor

13 3045 110 3142 ³33⁶&
133 3064 194 3109 sua
217 3045 373 3120 custodia,
389 3053 423 3109 et
446 3045 506 3109 hoc
528 3053 676 3130 tempore
699 3065 840 3130 congruo
863 3052 898 3107 et
920 3043 1093 3130 legittimo,
1108 3053 1142 3108 et
1162 3044 1297 3109 nichilo-

12 3142 95 3232 ffifff
134 3149 246 3211 minus
269 3149 310 3232 [si
333 3148 565 3233 neglexerint]¹
588 3148 711 3212 debent
736 3147 844 3232 puniri
866 3169 923 3232 pro
950 3147 1029 3210 falso
1049 3147 1246 3232 juramento
1269 3151 1305 3214 si'

30 3243 115 3330 133¹
135 3248 336 3316 fraternitati
366 3252 545 3337 placuerit:
587 3261 660 3336 post
684 3251 778 3336 cujus
808 3249 941 3336 quidem
968 3250 1109 3335 compoti
1137 3252 1296 3332 auditum,

13 3333 80 3427 iim
135 3377 249 3419 omnes
263 3355 402 3441 predicti
421 3356 536 3418 fratres
551 3376 608 3439 pro
625 3363 703 3417 tunc
719 3361 757 3418 ut
773 3353 977 3438 premittitur
992 3363 1159 3437 presentes
1174 3355 1297 3440 eligent

12 3433 74 3560 {gib
91 3436 117 3476 ω
136 3481 192 3525 sex
202 3459 364 3522 ‘homines
386 3457 518 3522 idoneos
541 3457 627 3522 dicte
650 3457 865 3521 fraternitatis
886 3479 943 3541 pro
965 3457 1056 3520 novis
1081 3459 1242 3544 magistris
1263 3468 1297 3524 et

12 3565 95 3666 222}th
136 3565 347 3627 aldermanno
363 3584 421 3648 pro
436 3585 522 3626 anno
538 3569 618 3626 tunc
634 3562 779 3646 proximo
795 3562 904 3626 futuro
917 3561 1082 3646 eligendis,
1095 3564 1150 3648 qni
1163 3565 1296 3650 quidem

12 3664 105 3764 ,ξξξξξω
136 3689 194 3732 sex
226 3665 373 3730 homines
400 3665 576 3750 procedent
602 3665 644 3728 ad
675 3664 870 3728 eleccionem
901 3665 1078 3750 predictam
1110 3676 1143 3731 et
1174 3668 1297 3754 eligent

12 3765 124 3862 ffighfnd
137 3793 237 3836 novos
261 3770 434 3854 magistros
461 3779 494 3833 et
520 3768 769 3833 aldermannum
795 3791 875 3852 quos
905 3769 1055 3834 noverint
1081 3779 1115 3834 et
1142 3773 1297 3838 sciverint

13 3849 96 3905 ΨΜ
137 3899 196 3964 pro
218 3875 353 3939 comodo
376 3872 462 3937 dicte
485 3874 574 3960 gilde
597 3873 747 3937 abiliores
770 3881 804 3937 et
827 3874 1001 3940 idoneorea

12 4084 117 4186 4323&
203 4081 231 4143 4.
278 4077 322 4142 Et
337 4075 417 4140 dicti
433 4076 548 4138 fratres
564 4083 598 4138 et
612 4096 736 4138 sorores
751 4075 804 4140 die
820 4086 930 4140 sancte
947 4077 1105 4142 Katerine
1120 4081 1296 4164 procedent

12 4182 68 4226 'ill‘
137 4183 178 4246 ad
200 4182 367 4247 ecclesiam
389 4181 492 4244 sancti
510 4180 641 4244 Andree
656 4181 847 4264 predictam,
862 4180 902 4244 de
923 4182 1062 4266 quodam
1084 4182 1152 4246 loco
1173 4184 1219 4248 eis
1238 4208 1298 4270 per

496 4439 506 4472 ¹
524 4439 601 4490 Some
613 4439 678 4488 such
689 4439 772 4489 words
783 4439 901 4490 omitted.
