3194 5120
347 398 388 459 28
754 415 958 462 osunarnon
980 414 1089 463 orans.

145 534 310 624 'rorum
413 572 498 634 uem
514 572 659 636 iohanni
676 573 790 658 Harey
806 595 864 658 pro
880 573 985 638 turbis
1001 573 1100 659 siju.

182 696 246 736 Total

182 756 194 784 e
238 755 252 783 n

195 755 237 794 m
253 755 287 784 aa
411 691 549 757 Summa
578 693 630 757 hio
660 717 875 779 expensarum
907 704 941 760 et
971 695 1183 760 liberatorum
1214 693 1393 758 Thesaurie
1424 692 1461 756 ix
1478 693 1516 757 li.

345 796 414 883 xiiij
426 821 449 862 a
472 796 494 882 ij
507 797 537 863 d.

731 1020 783 1084 fol.
808 1019 868 1086 la.
914 1020 981 1104 [No
1004 1019 1118 1104 date¹.]

411 1191 475 1256 Die
490 1193 627 1257 Veneris
642 1215 730 1278 prox.
746 1202 824 1258 ante
839 1195 960 1258 festum
976 1191 1244 1278 †penteoosten.†

410 1296 578 1362 «lohannes
604 1299 644 1363 de
671 1298 867 1384 Poplington
884 1298 1031 1362 intravit
1057 1297 1297 1363 fraternitatem
1325 1320 1383 1382 per
1407 1298 1510 1360 finem

346 1399 387 1462 xl.
398 1400 427 1465 d.
444 1409 479 1464 et
494 1401 593 1465 soluit
609 1410 716 1466 totum
733 1401 880 1466 0Simoni
895 1403 946 1466 et⁰
963 1402 1004 1487 vj.
1014 1402 1045 1466 d.
1060 1425 1118 1488 pro
1134 1424 1213 1466 cera.

410 1504 577 1570 lohannes
595 1506 737 1571 Westlee
758 1515 792 1570 et
812 1506 949 1570 Juliana
970 1529 1051 1570 uxor
1073 1507 1143 1592 ejus
1164 1507 1371 1570 intraverunt
1393 1505 1509 1569 frater·
1582 1577 1583 1594 ἶ

346 1608 485 1672 nitatem
501 1631 529 1672 x.
539 1632 563 1674 a
580 1618 614 1674 et
629 1609 749 1693 d[edit]
767 1609 809 1695 xij
823 1611 853 1676 d.
870 1633 926 1696 pro
942 1632 1023 1676 cera.
1069 1611 1168 1675 soluit
1184 1611 1217 1676 S.
1233 1635 1262 1674 x.
1273 1634 1297 1675 s.

411 1713 523 1799 Agnes
538 1713 578 1777 de
595 1713 771 1778 Walsokne
787 1713 926 1779 intravit
942 1714 1182 1779 fraternitatem
1198 1737 1257 1800 per
1272 1713 1372 1777 finem
1394 1736 1422 1777 v.
1433 1737 1457 1778 a
1474 1722 1509 1778 et

347 1816 377 1902 vj
389 1816 419 1882 d.
435 1839 493 1902 pro
509 1839 589 1881 cera.
635 1816 733 1880 soluit
749 1824 857 1880 totum
874 1817 906 1882 S.

412 1920 529 1985 Petrus
555 1918 596 1984 de
619 1919 818 2004 Bramptone
841 1928 876 1984 et
898 1920 1005 1985 Alioia
1028 1943 1108 1985 uxor
1131 1921 1201 2006 ejus
1224 1942 1329 2005 nuper
1351 1921 1510 1985 defuncta

346 2024 551 2088 intraverunt
573 2024 814 2089 fraternitatem
834 2047 892 2109 per
906 2025 1006 2089 finem
1022 2047 1084 2090 ms.
1101 2034 1135 2089 et
1151 2025 1192 2110 vj.
1202 2025 1232 2090 d.
1248 2047 1307 2110 pro
1323 2047 1405 2090 cera.
1452 2025 1509 2088 sol.

347 2128 377 2215 vj
389 2152 412 2194 a
430 2131 462 2194 S.
509 2130 609 2194 soluit
625 2138 732 2194 totum
748 2129 781 2194 S.

412 2233 600 2326 Christiana
614 2236 654 2300 de
671 2235 775 2299 Eoton
791 2235 928 2298 intravit
944 2236 1185 2300 fraternitatem
1201 2257 1258 2320 per
1274 2233 1374 2298 finem
1394 2255 1422 2298 v.
1432 2256 1455 2298 a
1473 2242 1509 2296 et

348 2337 455 2423 viij.d.
470 2360 528 2423 pro
543 2360 623 2403 oera.
655 2338 711 2402 sol.
724 2359 782 2422 pro
797 2336 943 2421 oera†T.
958 2338 1209 2424 Stapelf[0rd]ls.
1241 2337 1340 2402 soluit
1353 2346 1462 2402 totum
1475 2337 1509 2402 S.

413 2441 586 2506 Galfridus·
608 2442 649 2506 de
680 2441 791 2506 Lenne
822 2441 975 2507 bakester
1004 2442 1142 2507 intravit
1172 2441 1415 2506 fraternitatem
1448 2462 1510 2525 per

347 2545 446 2610 finem
469 2544 510 2630 vj.
521 2568 544 2610 a
568 2544 634 2630 viij.
644 2543 674 2610 d.
697 2553 732 2609 et
755 2545 836 2629 vj.d.
860 2567 917 2630 pro
940 2567 1021 2610 cera.

413 2651 554 2715 Thomas
580 2651 728 2715 Sturmin
752 2651 887 2716 intravit
912 2651 1152 2717 fraternitatem
1176 2673 1235 2736 per
1260 2651 1360 2714 finem
1385 2671 1448 2716 v.a
1473 2656 1510 2713 et

349 2755 429 2840 vj.d.
446 2777 599 2840 procera.
645 2756 701 2821 sol.
716 2779 745 2820 v.
756 2779 780 2821 a.
828 2757 883 2821 sol.
899 2765 1015 2821 totum.

413 2859 535 2924 Oeoilia
557 2881 638 2923 uxor
658 2859 816 2924 Willelmi
839 2861 1010 2931 Braunohe
1031 2861 1168 2926 intravit
1189 2860 1429 2925 fraternitatem
1451 2881 1511 2944 per

347 2963 445 3028 finem
476 2985 537 3028 aa
568 2972 602 3028 et
632 2963 673 3049 vj.
684 2963 713 3028 d.
745 2985 802 3048 pro
836 2986 916 3028 cera.
967 2963 1065 3029 soluit
1096 2972 1204 3029 totum
1237 2972 1272 3028 et
1301 2963 1394 3028 dedit
1425 2963 1466 3048 vj.
1477 2965 1508 3029 cl.

348 3066 728 3152 Plegi11s†Radulpho†
754 3068 794 3132 de
822 3068 967 3132 Watton.

412 3173 434 3236 J
436 3173 485 3238 oh.
502 3172 543 3237 de
555 3173 656 3236 Helm
669 3181 703 3237 et
715 3172 858 3237 Isabella
870 3195 951 3236 uxor
963 3173 1034 3257 ejus
1047 3172 1252 3238 intraverunt
1264 3173 1508 3238 fraternitatem

347 3300 406 3363 per
432 3279 531 3343 finem
558 3301 587 3344 x.
597 3300 620 3344 a.
648 3287 682 3343 et
709 3278 803 3364 xijd.
831 3301 889 3364 pro
914 3301 994 3344 cera.
1041 3279 1142 3365 plegii
1167 3278 1253 3344 Will.
1278 3279 1452 3365 Ohapman
1475 3288 1510 3344 et

347 3383 381 3445 T.
406 3383 564 3449 Sturmin.

412 3487 434 3552 J
436 3488 486 3554 oh.
498 3488 683 3553 Archebald
700 3496 733 3554 et
749 3489 859 3574 Agnes
871 3511 953 3554 uxor
964 3488 1036 3574 ejus
1047 3489 1254 3554 intraverunt
1266 3488 1509 3554 fraternitatem

347 3589 430 3676 †per
444 3591 544 3655 finem
555 3591 580 3676 j.
593 3613 687 3657 marc.
700 3593 736 3657 in
751 3594 856 3680 total
886 3593 939 3658 sol.
953 3594 995 3659 H.
1026 3594 1081 3658 sol.
1095 3601 1203 3658 totum
1218 3595 1248 3660 J.
1262 3594 1510 3658 Thomersham.

411 3695 553 3761 Thomas
572 3697 649 3762 Brai
669 3698 806 3762 intravit
827 3698 1067 3763 fraternitatem
1088 3721 1147 3784 per
1162 3699 1260 3763 finem
1276 3698 1318 3764 xl.
1327 3697 1357 3764 d.
1374 3706 1409 3763 et
1424 3699 1469 3784 vj.
1480 3697 1511 3763 d.

347 3821 500 3885 procera.
545 3802 600 3866 sol.
618 3802 650 3868 S.
667 3811 784 3869 totum.

412 3905 552 3971 Thomas
584 3905 763 3991 Oaumpes²
792 3908 979 3992 capellanus
1009 3909 1147 3973 intravit
1178 3908 1418 3972 fraternitatem
1452 3930 1512 3992 per

346 4008 443 4070 finem
461 4007 502 4070 xl.
513 4007 541 4071 d.
559 4015 593 4070 et
609 4006 648 4092 vj.
660 4007 690 4072 d.
706 4029 764 4092 pro
780 4029 860 4072 cera.
907 4007 960 4072 sol.
978 4017 1085 4072 totum
1102 4008 1134 4072 S.

279 4219 288 4240 ·
396 4205 403 4237 ¹
423 4205 478 4255 The
495 4219 586 4256 reason
602 4205 643 4254 lor
658 4205 762 4267 placing
777 4205 831 4254 this
844 4206 898 4256 leaf
912 4207 991 4268 early,
1004 4204 1131 4267 although
1143 4219 1178 4254 no
1190 4204 1251 4254 date
1262 4203 1285 4252 is
1297 4202 1403 4262 named,
1416 4203 1439 4252 is
1451 4203 1511 4253 that

346 4291 367 4340 it
384 4290 454 4352 gives
471 4290 515 4340 the
533 4293 608 4352 entry
625 4290 653 4339 of
669 4289 698 4340 T.
719 4289 838 4352 (lampas,
857 4289 1008 4339 afterwards
1024 4305 1039 4340 a
1056 4289 1177 4347 reoeiver,
1194 4287 1247 4338 and
1261 4287 1330 4349 gives
1348 4285 1440 4336 Simon
1456 4286 1511 4336 and

347 4374 429 4424 Powel
441 4389 470 4423 as
481 4374 614 4422 reeeivers.
1582 4419 1583 4428 ἶ

395 4454 405 4484 ²
421 4455 578 4504 afterwards
590 4454 662 4519 (with
674 4454 745 4502 John
758 4455 872 4518 Rayson)
885 4469 935 4504 one
947 4455 974 4504 of
986 4455 1030 4504 the
1042 4459 1092 4504 two
1105 4455 1163 4504 first
1173 4453 1284 4502 Fellows
1296 4453 1323 4502 of
1334 4451 1378 4501 the
1390 4451 1503 4512 Collega.
