3194 5120
460 428 592 477 conans
615 427 752 475 cnnrsm
776 427 867 476 orno.
1219 413 1259 476 29

161 581 278 646 Petrus
293 580 404 665 Philip
420 588 454 645 et
470 579 569 644 Anna
583 602 666 643 uxor
680 579 752 664 ejus
768 577 999 661 †intravernnt
1020 579 1260 643 fraternitatem

13 671 14 685 ¹
99 705 154 769 per
175 684 274 749 finem
298 707 327 749 x.
337 683 388 768 air
411 691 445 748 et
469 681 524 768 xij.
537 682 568 747 d.
596 704 653 767 pro
680 704 758 748 cera.
805 682 860 748 sol.
887 705 916 747 x.
927 705 951 748 s.
978 682 1021 746 H.
1045 682 1136 747 unde
1162 681 1261 748 debet

99 787 193 874 xij.d.

161 892 242 979 Rog.
258 890 299 956 de
315 891 482 976 Tendring
497 889 634 955 intravit
655 889 895 954 fraternitatem
917 912 976 974 per
996 891 1095 954 finem
1117 891 1159 955 xl.
1176 890 1206 956 d.
1228 899 1261 956 et

99 996 179 1082 vj.d.
194 1019 254 1082 pro
270 1019 351 1061 τετε.
382 996 437 1060 sol.
455 996 497 1060 xl.
509 994 538 1061 d.
555 994 588 1060 S.
605 1003 639 1058 et
654 993 752 1059 debet
769 994 809 1080 vj.
820 995 850 1060 d.
866 1017 924 1079 pro
940 1017 1020 1058 cera.
1053 995 1107 1058 sol.
1124 995 1165 1079 vj.
1176 994 1206 1060 d.
1223 995 1261 1060 R.

162 1100 270 1164 Adam
295 1099 335 1164 de
358 1099 513 1184 Sndbury
536 1108 570 1163 et
592 1098 700 1162 Alioia
723 1120 803 1162 uxor
827 1097 898 1182 ejus
920 1120 979 1183 ρετ
1001 1097 1100 1161 finem
1128 1099 1202 1183 vj.s.
1228 1107 1262 1162 et

100 1204 164 1290 viij.
176 1204 205 1269 d.
223 1213 258 1268 et
274 1204 330 1290 xij.
341 1204 371 1270 d.
390 1227 445 1289 pro
461 1226 543 1268 cera.
589 1204 644 1268 sol.
662 1202 694 1268 S.

165 1308 351 1374 Willelmus
382 1309 506 1387 Pittok,
545 1309 727 1392 Margareta
767 1330 849 1372 uxor
885 1307 965 1392 ejus,
1001 1307 1101 1393 Hugo
1140 1307 1261 1384 Pittok,

98 1412 122 1477 J
123 1412 252 1476 ohanna
268 1435 350 1477 uxor
366 1413 437 1500 ejus
452 1414 658 1478 intraverunt
680 1411 920 1477 fraternitatem
937 1433 994 1496 ρετ
1009 1411 1108 1476 finem
1123 1411 1149 1498 j.
1166 1433 1261 1477 maro.

99 1525 133 1581 et
148 1517 181 1603 ij.
192 1540 215 1582 s.
231 1540 291 1603 pro
307 1540 387 1584 cera.
434 1518 489 1582 sol.
506 1517 556 1583 W.
573 1516 754 1602 Ohapman.

164 1622 308 1687 Thomas
331 1622 579 1707 Marbelthorp¹‚
595 1622 782 1689 oJohannes
801 1621 842 1686 de
866 1620 1116 1706 Marbelthorp⁰,
1135 1621 1261 1707 Marga-

99 1734 171 1790 reta
196 1725 428 1811 Marbelthorp,
451 1726 525 1791 Joh.
551 1725 784 1810 Marbelthorp,
812 1725 998 1811 Margareta
1024 1746 1105 1788 uxor
1131 1724 1203 1808 ejus
1228 1731 1262 1788 et

98 1829 167 1894 Rio.
193 1829 292 1892 frater
310 1828 458 1914 ejusdem
481 1829 607 1894 Thome
625 1851 683 1914 par
700 1828 800 1893 finem
817 1827 840 1912 j.
863 1850 958 1893 maro.
981 1835 1016 1892 et
1036 1850 1068 1912 1J
1078 1849 1101 1892 s.
1126 1827 1165 1912 vj.
1176 1827 1205 1893 d.
1228 1835 1263 1892 et

98 1935 181 2000 xtd.
228 1933 283 1999 sol.
300 1933 407 2019 viijnt.

165 2039 305 2125 Margar.
318 2038 348 2102 le
361 2037 473 2122 spicer
484 2037 621 2102 intravit
633 2037 871 2102 fraternitatem
885 2059 942 2121 per
953 2037 1052 2101 finem
1065 2037 1105 2122 vj.
1115 2059 1139 2103 s.
1155 2036 1221 2122 viij.
1231 2036 1261 2102 d.

98 2152 134 2209 et
149 2143 192 2229 vj.
203 2143 233 2207 d.
250 2163 308 2227 ρτο
325 2164 404 2206 cera.
451 2142 505 2206 sol.
522 2141 591 2207 Rio.
608 2140 716 2206 Powel
732 2141 767 2207 T.
784 2141 870 2226 Bray
886 2141 987 2206 soluit
1002 2149 1109 2206 totum
1126 2141 1159 2207 S.

167 2247 361 2312 Edmundus
382 2247 412 2310 le
433 2245 584 2332 Lystere²
608 2256 642 2311 et
664 2245 849 2331 Margareta
869 2268 951 2310 uxor
971 2246 1042 2331 ejus
1057 2246 1262 2311 intraverunt

97 2351 343 2416 fraternitatem
364 2373 423 2436 par
438 2351 537 2415 finem
556 2351 581 2436 j.
598 2373 693 2416 maro.
710 2359 745 2415 et
760 2350 816 2436 xij.
826 2351 856 2416 d.
872 2373 931 2436 pro
946 2372 1025 2416 cera
1072 2351 1172 2415 soluit
1187 2351 1220 2416 S’
1237 2351 1261 2436 j.

12 2472 16 2528 r
97 2479 141 2521 m.
159 2455 306 2519 ‘'totum‘’
323 2452 448 2537 ’rdebet
463 2475 569 2518 ceram
576 2454 605 2540 i

165 2560 277 2644 Agnes
307 2581 390 2623 uxor
419 2557 581 2623 Johannis
612 2558 727 2642 Hardy
757 2558 893 2623 intravit
929 2558 1169 2623 fraternitatem
1206 2581 1264 2644 ρετ

12 2703 13 2712 .
97 2665 201 2728 finem
216 2663 258 2728 xl.
269 2662 298 2728 d.
316 2670 350 2728 et
365 2662 406 2747 vj.
417 2663 445 2729 d.
463 2684 521 2747 pro
537 2684 617 2728 aera
664 2663 751 2727 unde
768 2663 813 2749 iij.
824 2685 847 2728 s.
864 2663 1088 2728 condonantur
1103 2663 1149 2728 sio
1165 2664 1263 2728 debet

98 2793 129 2835 x.
140 2768 171 2833 d.
218 2767 274 2832 sol.
291 2766 324 2832 S.

12 2849 13 2862 .
166 2871 336 2937 Johannes
360 2871 400 2936 de
429 2871 632 2936 Godesterne
659 2871 855 2956 capellanus,
882 2871 1045 2957 Margeria
1072 2873 1123 2936 vel
1150 2873 1262 2958 Agnes

99 2978 191 3054 Oros,
213 2977 287 3042 Joh.
313 2976 475 3042 Harleton
499 2984 533 3041 et
557 2975 718 3062 Margaria
742 2999 823 3040 uxor
850 2976 921 3062 ejus
947 2997 1007 3060 ρετ
1033 2975 1132 3040 finem
1159 2978 1222 3063 xvj.
1239 3000 1262 3043 s.

99 3083 168 3168 viij.
179 3081 209 3146 d.
230 3089 265 3147 et
286 3103 410 3146 ceram:
433 3081 487 3146 sol.
510 3081 552 3146 xl.
562 3079 593 3146 d.
617 3088 651 3145 et
671 3103 745 3146 xxx.
756 3080 785 3146 d.
807 3103 865 3165 ρτο
886 3102 959 3145 oera
978 3081 1010 3146 S.
1032 3091 1066 3145 et
1082 3081 1126 3146 sio
1142 3081 1264 3147 debent

93 3188 119 3274 j.
152 3207 249 3250 maro.
288 3193 322 3248 et
356 3183 478 3248 debent
514 3183 590 3248 dim.
629 3205 725 3249 maro.
762 3183 803 3248 de
839 3183 976 3268 antiquo
1013 3184 1125 3250 debito
1160 3186 1262 3272 Magr.

99 3288 359 3375 †Edmundus†.
404 3287 459 3352 sol.
484 3296 600 3354 totum.

167 3393 353 3458 Willelmus
383 3392 414 3456 le
444 3391 634 3478 glaswrigth
667 3399 701 3456 et
727 3391 881 3456 Johanna
908 3415 989 3457 uxor
1015 3393 1095 3478 ejus,
1120 3395 1195 3461 Joh.
1223 3397 1263 3461 de

99 3500 223 3566 Saham
247 3506 282 3561 et
303 3495 439 3560 Juliana
461 3495 669 3561 intraverunt
690 3495 933 3561 fraternitatem
957 3519 1015 3582 per
1036 3497 1136 3562 finem
1164 3500 1262 3586 xvja

101 3615 137 3696 et
152 3605 186 3690 ij
196 3626 219 3668 a.
237 3624 294 3688 pro
310 3623 392 3666 oera.
437 3601 537 3665 soluit
552 3609 661 3666 totum
679 3601 710 3666 S.

166 3707 335 3774 Johannes
350 3705 391 3770 de
407 3705 554 3770 Arundel
570 3705 707 3771 intravit
723 3706 962 3771 fraternitatem
979 3729 1038 3792 per
1059 3707 1157 3772 finem
1180 3709 1221 3773 xl.
1233 3710 1263 3775 d.

101 3822 136 3880 et
151 3811 235 3898 vjn.
251 3831 309 3896 pro
324 3831 406 3873 cera.
451 3808 551 3874 soluit
568 3816 678 3873 totum
694 3808 727 3876 S.
1316 3799 1322 3809 ’

167 3916 237 3981 Rio.
259 3913 300 3979 de
322 3913 467 4000 Tylneye
489 3921 523 3978 et
546 3913 658 4000 Agnes
681 3936 763 3978 uxor
785 3913 855 4000 ejus
883 3915 1088 3980 intraverunt
1114 3917 1264 3981 fraterni·

101 4030 208 4089 tatem
224 4041 282 4106 ρετ
298 4018 398 4083 finem
413 4041 442 4085 x.
452 4037 475 4084 s.
493 4025 527 4082 et
543 4017 638 4104 xijo.
655 4039 713 4103 pro
734 4040 814 4083 cera.
860 4019 960 4084 soluit
979 4042 1042 4084 no.
1062 4020 1095 4085 S.
1117 4029 1151 4086 et
1166 4021 1264 4086 debet

100 4149 217 4193 Geram.

185 4367 194 4398 1
213 4366 253 4415 cf.
266 4366 296 4415 Τ.
309 4368 331 4415 ὅτ
343 4367 373 4416 Β.
387 4381 413 4428 ρ.
426 4367 473 4416 129
486 4381 520 4416 on
533 4366 577 4416 the
589 4365 784 4430 Marblathorpo
796 4367 896 4430 family.

185 4447 196 4478 ²
214 4448 270 4497 One
283 4447 310 4495 of
321 4446 365 4496 tha
377 4447 482 4496 boiliffa.
516 4450 623 4506 Annali,
636 4461 654 4496 1.
669 4449 725 4498 109.
762 4451 911 4510 Cambridye
925 4451 1053 4509 Charterr,
1066 4466 1090 4514 p.
1105 4453 1160 4503 197.
