3152 5104
458 434 542 482 aran
565 436 607 482 or
630 435 700 482 rus
723 434 818 482 soar
840 433 990 482 vanum.
1239 421 1302 484 123

140 588 288 674 ejusdem
309 588 431 654 Sancte
454 589 625 655 Trinitatis
646 612 712 654 non
728 589 798 654 sine
812 589 968 678 gravibus
984 589 1051 655 suis
1066 589 1253 675 sumptibus
1270 600 1303 656 et
1317 604 1464 702 &1111qung

141 693 293 779 expensis
303 693 374 778 jam
390 693 519 757 noviter
533 693 736 778 inceperunt,
752 701 937 758 statuentes
961 703 994 757 et
1015 693 1202 758 ordinantes
1218 693 1302 780 quod
1317 702 1413 798 {2334

140 793 244 878 ipsius
272 793 367 858 Gilde
394 793 462 857 sive
490 792 721 858 Fraternitatis
742 794 918 858 confratres
948 794 983 857 in
1014 794 1129 879 vigilia
1160 802 1193 858 et
1220 795 1304 858 festo

140 897 264 962 Sancte
286 896 458 960 Trinitatis
480 896 513 958 in
538 895 673 960 ecclesia
695 896 872 981 parochiali
897 897 1017 962 Sancte
1040 897 1212 962 Trinitatis
1228 897 1305 962 ville

139 1000 353 1086 Cantabrigie
369 1000 462 1065 annis
477 1000 614 1084 singulis
629 1001 833 1078 convenient,
845 1000 966 1066 ibidem
982 1001 1116 1086 plenum
1133 1002 1304 1067 servicium

140 1105 181 1170 de
204 1107 294 1170 dicto
317 1106 400 1169 festo
423 1104 544 1169 facient
567 1104 720 1169 devocius
743 1106 908 1185 celebrari,
931 1115 1149 1192 proponentes
1172 1107 1306 1192 insuper

139 1209 230 1295 quod
260 1231 364 1274 unum
395 1209 601 1295 capellanum
632 1207 667 1272 in
697 1209 787 1274 dicta
813 1210 955 1287 ecclesia,
979 1210 1014 1274 in
1038 1210 1159 1275 honore
1183 1209 1304 1275 Sancte

139 1313 316 1379 Trinitatis
337 1313 454 1378 diebus
475 1313 613 1398 singulis
636 1313 791 1378 continue
812 1314 1042 1391 celebrantem,
1057 1315 1221 1380 arridente
1243 1313 1304 1378 sibi

139 1417 285 1483 uberiori
301 1420 431 1484 fortuna
446 1419 572 1482 cunctis
584 1417 705 1482 futuris
717 1417 938 1496 sustinebunt,
949 1419 1094 1506 aliasque
1106 1419 1305 1494 dev'ociones,
1399 1457 1401 1460 -

137 1531 241 1607 prout
262 1545 374 1588 eorum
393 1522 567 1587 facultates
590 1543 625 1585 se
646 1521 837 1606 optulerint,
852 1522 965 1587 divina
986 1523 1114 1586 favente
1130 1521 1306 1586 clemencia

138 1627 360 1692 exercebunt:
383 1626 564 1712 Cupientes
576 1626 679 1712 igitur
690 1626 776 1712 ipsos
792 1628 826 1690 in
842 1651 953 1692 eornm
971 1626 1126 1691 laudabili
1142 1628 1305 1712 proposito
1318 1641 1429 1730 ,Tffil‘

138 1732 312 1796 confovere
328 1739 362 1796 et
377 1754 436 1817 per
450 1731 602 1796 allectiva
617 1731 900 1816 indulgenciarum
916 1753 1052 1795 munera
1063 1731 1104 1795 ad
1117 1731 1305 1818 hujusmodi
1318 1701 1460 1826 itfffissgffiff

138 1835 335 1900 devociones
351 1836 542 1920 propensius
560 1835 713 1911 excitare,
728 1833 879 1898 omnibus
898 1833 984 1898 dicte
1006 1833 1102 1899 Gilde
1117 1857 1174 1900 seu
1192 1837 1304 1900 frater·
1318 1833 1445 1922 ‘hssnl‘tssvffgp

138 1940 259 2005 nitatis
281 1939 497 2004 confratribus
519 1938 577 2024 qui
599 1946 678 2002 sunt
701 1947 736 2003 et
758 1946 865 2015 erunt,
891 1960 928 2002 ac
949 1939 1075 2004 ceteris
1100 1939 1306 2024 parochianis
1318 1929 1457 2026 ,ffllgllj

139 2043 271 2120 nostris,
293 2050 327 2107 et
349 2042 422 2107 aliis
445 2063 582 2128 quorum
605 2041 768 2106 diocesani
791 2041 875 2105 hanc
898 2051 1042 2106 nostram
1063 2042 1305 2129 indulgenciam
1318 2025 1471 2112 ffilllffillnd

387 2145 394 2159 .
877 2145 884 2157 .
956 2145 963 2157 .
1149 2146 1155 2157 .
1235 2145 1240 2156 .
1319 2120 1457 2169 vvhobelong

139 2157 250 2213 ratam
260 2146 437 2212 habuerint
448 2167 506 2209 seu
522 2153 699 2230 acceptam,
710 2144 751 2209 de
761 2154 902 2230 peccatrs
914 2167 981 2209 sius
994 2167 1069 2210 vere
1083 2146 1306 2230 penrtentrbus
1318 2168 1445 2255 l’gghffoffld

140 2261 175 2318 et
192 2252 349 2316 confessis
364 2249 422 2337 qui
437 2249 478 2314 ad
494 2249 770 2313 sustentacionem
786 2249 873 2314 dicte
889 2249 985 2314 Gilde
1001 2272 1058 2314 seu
1075 2251 1306 2315 Fraternitatis
1319 2263 1462 2359 ffigqpeheld-

140 2357 225 2441 [de1]
246 2355 341 2420 bonis
360 2354 424 2420 sibi
443 2377 463 2418 a
483 2353 554 2418 Deo
575 2353 701 2418 collatis
721 2353 894 2438 aliqua[m]
913 2354 1111 2418 contulerint
1127 2355 1305 2419 subsidiem
1319 2358 1459 2408 uynequesa

139 2461 299 2537 caritatis,
314 2458 494 2545 legaverint
509 2480 566 2523 seu
582 2458 830 2543 assignaverint,
844 2459 990 2537 conferri,
1006 2460 1106 2544 legari
1125 2469 1184 2524 aut
1204 2459 1304 2546 assig-

139 2565 214 2630 nari
228 2563 481 2650 procuraverint,
497 2585 554 2628 seu
571 2562 678 2648 quiin
694 2563 809 2650 vigilia
823 2571 882 2627 aut
898 2564 980 2628 festo
997 2564 1116 2628 Sancte
1134 2563 1306 2628 Trinitatis
1319 2575 1471 2664 3333ssss

140 2678 242 2757 prout
264 2669 436 2733 annuatim
457 2668 619 2754 contingit
639 2669 674 2731 in
693 2668 807 2733 eadem
829 2669 964 2732 ecclesia
983 2669 1096 2733 missas
1118 2667 1306 2745 matutinas
1319 2673 1471 2760 gpfiggssltqvg

143 2775 247 2849 horas,
265 2794 414 2857 vesperas
435 2780 494 2835 aut
515 2771 605 2835 aliud
625 2770 767 2835 officium
789 2771 829 2836 de
850 2771 937 2836 dicto
958 2772 1040 2837 festo
1061 2772 1307 2852 celebraverint,
1319 2766 1454 2855 ἷξξξξζξξζξ

141 2875 312 2952 dixerint²,
336 2873 501 2939 audierint
527 2897 584 2939 seu
611 2874 658 2938 eis
684 2874 801 2939 devote
826 2875 1046 2954 interfuerint,
1071 2875 1123 2940 vel
1150 2875 1208 2960 qui
1233 2898 1305 2961 pro·
1319 2861 1440 2996 iiiiii?

1415 2969 1439 2998 01¹

142 2981 324 3047 cessionem
348 3003 421 3044 cum
445 2979 541 3044 dictis
566 2979 718 3044 fratribus
743 2980 827 3044 circa
851 2980 987 3045 eandem
1011 2980 1178 3046 ecclesiam
1202 2982 1304 3045 secuti
1319 2957 1441 3046 litha

141 3085 277 3163 fuerint,
309 3094 343 3149 et
378 3084 560 3148 oracionem
596 3082 790 3147 dominicam
823 3106 897 3147 cum
927 3083 1128 3148 salutacione
1158 3084 1306 3171 angelica
1319 3053 1465 3142 iiishrriwm

141 3188 288 3254 dixerint
303 3196 414 3253 mente
429 3189 493 3274 pia,
508 3196 567 3252 aut
582 3187 646 3251 alio
668 3186 762 3251 modo
783 3188 930 3274 ejusdem
952 3189 1049 3254 Gilda
1070 3189 1306 3254 sustentacioni
1319 3149 1470 3284 {hfflilin

142 3314 259 3356 manus
275 3292 490 3377 apposuerint
502 3290 679 3377 adjutrices
694 3289 735 3355 de
751 3291 814 3355 Dei
830 3291 1065 3378 omnipotentis
1078 3292 1305 3370 misericordia,
1320 3291 1463 3390 ffifflylh

141 3396 315 3460 beatorum
340 3394 570 3480 Apostolorum
594 3394 684 3458 Petri
710 3403 745 3459 et
770 3396 875 3473 Pauli,
897 3418 935 3460 ac
962 3397 1083 3461 Sancte
1108 3396 1307 3462 Etheldrede

142 3499 290 3586 Virginis
323 3508 459 3584 patrone
489 3508 608 3575 nostre,
637 3500 849 3586 omniumque
884 3502 1078 3567 Sanctorum
1113 3502 1239 3567 meritis
1273 3512 1307 3568 et

143 3604 294 3690 precibus
310 3603 517 3682 confidentes,
533 3603 827 3690 quocienscumque
846 3604 1004 3690 premissa
1020 3605 1071 3670 vel
1087 3605 1217 3690 aliquod
1234 3629 1305 3692 pre-

144 3710 317 3774 missorum
332 3709 449 3773 devote
465 3707 609 3785 fecerint,
625 3708 844 3796 quadraginta
864 3710 933 3775 dies
954 3711 1162 3795 indulgencie
1183 3711 1306 3776 miseri-

144 3813 285 3878 corditer
314 3811 350 3876 in
380 3811 522 3876 Domino
552 3812 753 3876 relaxamus:
785 3813 1000 3879 Ratificantes
1030 3814 1163 3900 insuper
1194 3837 1307 3879 omnes
1320 3834 1463 3875 massanos

143 3917 368 4004 indulgencias
383 3919 417 3980 in
433 3917 493 3982 hac
509 3925 602 4002 parte
619 3940 785 3982 concessas
801 3929 835 3983 et
851 3921 883 3982 in
897 3930 1064 4006 posterum
1076 3919 1305 3984 concedendas.
1320 3884 1463 3980 illutltts

144 4023 184 4087 In
200 4023 295 4109 cujus
310 4022 358 4086 rei
372 4023 599 4087 testimonium
615 4022 759 4108 sigillum
776 4035 923 4089 nostrum
939 4026 1075 4090 fecimus
1094 4025 1157 4089 hiis
1178 4026 1306 4111 apponi.

146 4128 271 4192 Datum
299 4127 332 4190 in
360 4127 507 4191 Manerio
534 4135 644 4191 nostro
668 4127 708 4191 de
736 4127 854 4192 Ditton
880 4129 965 4216 xxvj.
991 4129 1044 4193 die
1068 4128 1188 4193 mensis
1211 4129 1471 4235 llllli'lltaas

146 4254 231 4296 anno
258 4230 392 4295 Domini
419 4231 591 4295 millesimo
618 4238 705 4295 ccc¹²¹⁰
732 4233 970 4319 septuagesimo
998 4242 1111 4298 octavo
1136 4241 1170 4297 et
1196 4242 1307 4297 nostre
1411 4224 1416 4241 '

146 4334 397 4402 consecracionis
419 4334 543 4419 quinto

343 4463 351 4495 ¹
369 4462 447 4512 Torn.
891 4463 902 4494 ²
919 4465 973 4515 MS.
988 4463 1107 4514 dicerint.
