3170 5104
507 432 591 482 oran
614 434 658 482 or
679 436 749 483 ran
772 437 1028 490 ruarrrcsrrorr.
1286 427 1346 490 101

18 588 153 678 lma
172 583 414 652 diminuantur
428 590 515 674 quod
531 589 571 655 de
587 591 710 658 eisdem
725 617 791 659 non
807 605 975 662 remaneat
990 597 1078 663 ultra
1093 597 1205 664 decem
1217 622 1349 680 marcas,

17 684 147 782 fflfflg‘q
170 710 253 754 cum
280 692 424 776 pecunia
447 716 506 779 per
528 694 672 782 singulos
694 697 810 765 fratres
832 701 969 786 singulis
992 703 1165 787 quarteriis
1187 703 1265 768 anni
1287 705 1349 769 sol-

14 783 130 912 ἑῗξξᾚω
170 795 299 874 venda,
316 797 401 882 quod
423 806 544 865 extunc
564 811 668 867 cesset
688 802 840 870 inuencio
860 805 1019 891 capellani
1042 806 1189 891 predicti,
1205 816 1239 872 et
1261 808 1346 893 quod

13 875 78 961 alf*
107 878 155 989 aar
168 895 268 964 dicta
299 900 385 967 bona
409 906 616 970 remanencia
641 916 873 974 convertantur
898 909 940 974 ad
966 909 1192 975 inventionem
1219 919 1253 976 et
1279 934 1347 976 sus-

69 985 405 1106 raliotentacionem
420 1008 554 1073 luminis
575 1018 609 1074 et
628 1033 809 1097 pauperum
830 1012 1060 1098 predictorum,
1076 1023 1110 1080 et
1130 1015 1298 1081 residuum
1318 1016 1346 1081 si

10 1109 150 1202 &pff-l
167 1107 348 1192 quoddam
361 1112 460 1177 fuerit
475 1113 563 1178 salvo
578 1114 790 1194 custodiatur,
802 1139 971 1203 quousque
987 1117 1076 1184 dicta
1087 1118 1172 1184 bona
1183 1127 1217 1184 et
1228 1119 1347 1184 catalla

10 1194 150 1306 fflffissssin
168 1211 206 1275 in
231 1220 370 1279 tanturn
393 1217 593 1283 accreverint
615 1217 702 1304 quod
722 1218 763 1284 ad
785 1219 1010 1285 invencionem
1033 1221 1113 1286 dicti
1134 1223 1293 1310 capellani
1313 1231 1347 1288 et

10 1299 134 1392 litu&
167 1320 459 1386 sustentacionem
476 1323 610 1387 luminis
620 1332 654 1389 et·
666 1323 932 1390 distribucionom
948 1325 1131 1391 faciendam
1146 1329 1345 1414 pauperibus

10 1399 134 1544 Ἠῶ
167 1423 346 1488 sufficiant
367 1433 405 1490 ut
425 1427 604 1511 prefertur:
626 1451 691 1514 quo
712 1451 788 1494 casu
809 1438 995 1495 resumatur
1014 1431 1164 1496 invencio
1185 1433 1345 1518 capellani

11 1533 151 1642 tnqqffling
167 1547 254 1590 cum
273 1527 521 1596 continuacione
537 1531 671 1596 luminis
691 1541 726 1597 et
747 1533 923 1598 elemosine
944 1533 1164 1620 predictorum
1187 1536 1343 1621 quamdiu

11 1630 126 1727 {mg
168 1631 284 1716 ipsius
300 1632 396 1698 Gilde
412 1643 450 1698 ut
465 1636 627 1720 prefertur
641 1635 808 1715 sufficiunt
822 1637 1004 1702 facultates.

10 1725 168 1825 Mekrilibdllube
177 1784 277 1836 enough
286 1786 310 1826 to
318 1786 365 1827 find
373 1786 411 1827 the
419 1787 521 1837 casphin

11 1951 157 2058 weston
243 1957 277 2020 6.
322 1953 370 2020 De
385 1955 565 2042 Progressa
580 1957 755 2043 adfectum
770 1957 1026 2043 Pumfloaoionis.

39 2010 126 2054 conda

14 2062 53 2096 wa

13 2115 91 2211 3313
98 2126 140 2213 gie
247 2109 337 2174 Item
353 2109 529 2174 statuimus
545 2119 579 2175 et
595 2111 782 2176 ordinamus
797 2110 883 2197 quod
899 2112 1046 2197 quolibet
1061 2135 1146 2176 anno
1162 2112 1270 2199 aliquo
1291 2112 1343 2177 die

14 2211 132 2310 &iffi
174 2212 265 2278 infra
289 2215 421 2279 octabas
448 2214 691 2280 Purificacionis
718 2216 813 2280 beate
840 2217 943 2280 Marie
974 2216 1128 2301 Virginis,
1153 2239 1211 2302 per
1240 2217 1343 2281 dictos

13 2302 160 2407 {lfflssfmgg‘lo
174 2319 375 2408 Magistrum
397 2327 431 2384 et
453 2321 689 2386 Aldermannos
711 2320 871 2408 eligendo,
885 2320 1025 2406 predicti
1046 2320 1212 2405 Magister,
1227 2321 1342 2385 Alder-

17 2403 160 2508 ill'lissffl’
175 2425 293 2488 manni
310 2431 343 2488 et
359 2424 461 2488 ceteri
477 2424 593 2489 fratres
608 2425 694 2489 dicte
710 2425 807 2490 Gilde
822 2447 934 2488 omnes
951 2433 985 2488 et
1000 2424 1121 2511 singuli
1137 2426 1193 2510 qui
1205 2425 1341 2489 fuerint¹

15 2500 108 2546 uththe
322 2528 329 2540 ·
352 2529 357 2541 ·
379 2529 385 2540 ·
462 2529 467 2542 ·
1045 2529 1051 2541 .

14 2543 159 2644 pentima·
175 2537 358 2612 premumtr
376 2551 411 2592 1n
426 2529 536 2615 aliquo
552 2539 639 2594 certo
656 2529 724 2594 loco
739 2552 797 2615 per
812 2530 942 2594 eosdem
964 2529 1163 2644 Magistrum
1177 2537 1211 2593 et
1227 2529 1341 2593 Alder-

18 2641 138 2727 fftomea
176 2655 319 2698 mannos
341 2633 536 2720 assignando
559 2634 763 2711 conveniant,
786 2641 820 2698 et
843 2633 960 2698 exinde
984 2633 1025 2696 ad
1051 2633 1219 2697 eccleslam
1246 2632 1342 2697 beate

18 2701 122 2833 ffiffi
132 2805 161 2845 30
176 2738 283 2801 Marie
307 2737 487 2822 predictam
508 2739 544 2802 in
559 2761 618 2804 sua
633 2737 770 2802 liberata
785 2737 813 2801 si
828 2760 925 2823 quam
943 2737 1119 2801 habuerint
1135 2735 1206 2800 bini
1221 2745 1255 2800 et
1270 2736 1341 2800 bini

18 2791 161 2925 {ggqara
175 2841 332 2906 incedant
347 2842 437 2906 lento
453 2864 560 2927 passu,
573 2851 607 2907 et
619 2841 742 2930 ibidem
755 2842 887 2906 missam
900 2841 940 2906 de
952 2841 1050 2906 beata
1062 2840 1185 2925 virgine
1197 2840 1340 2904 audiant.

20 2923 126 3025 bilibit,
175 2946 232 3011 Ad
251 2969 351 3032 quam
374 2946 508 3011 missam
526 2947 649 3033 singuli
669 2947 847 3011 confratres
868 2945 1007 3031 predicti
1029 2947 1143 3010 offerre
1159 2951 1341 3020 teneantur,

22 3028 162 3132 liiiii'aifrlfl
176 3073 238 3115 nec
268 3052 441 3137 quisquam
466 3059 544 3115 ante
571 3051 670 3116 finem
697 3051 783 3115 dicte
808 3051 906 3116 misse
931 3050 1062 3114 recedat
1088 3048 1152 3112 nisi
1178 3069 1218 3112 ex
1245 3069 1341 3111 causa

22 3115 93 3171 slovly,
102 3129 147 3169 and

22 3163 147 3264 {33ng
177 3157 358 3222 necessaria
381 3165 416 3220 et
442 3155 597 3232 evidenti,
621 3157 656 3220 in
682 3179 747 3243 quo
770 3178 845 3220 casu
869 3155 955 3220 facta
980 3153 1069 3237 prius
1093 3151 1259 3217 oblacione
1282 3173 1341 3214 sua

23 3258 139 3357 tlffiffl
176 3261 348 3348 petitaque
370 3261 506 3325 licencia
527 3283 547 3324 a
569 3260 656 3324 dicto
679 3261 839 3347 Magistro
862 3269 896 3325 et
919 3267 1056 3344 optenta
1078 3257 1224 3321 recedat:
1247 3256 1341 3320 finita

22 3361 125 3454 ξίξξᾚᾎ
162 3359 253 3430 'vero
268 3365 375 3442 missa,
389 3363 431 3428 ad
447 3364 554 3428 locum
570 3363 611 3427 de
626 3385 691 3449 quo
706 3372 865 3428 venerant
880 3362 1015 3426 redeant
1031 3360 1103 3446 pari
1119 3360 1229 3423 forma.

24 3454 137 3550 lilolffie
148 3511 194 3553 end
208 3510 285 3551 unless
296 3509 331 3551 for
355 3509 399 3551 cod
409 3509 454 3550 and
465 3509 558 3550 obvious
569 3519 648 3549 reason
663 3507 687 3547 in
696 3506 766 3548 which
776 3517 826 3548 csse
837 3506 875 3547 tha
886 3505 986 3547 oblatlon
998 3505 1058 3545 must
1069 3505 1097 3546 be
1109 3504 1174 3545 mado
1186 3504 1234 3545 first
1245 3504 1290 3544 and
1302 3504 1340 3545 the

24 3542 113 3595 Mutare
121 3557 182 3600 leave
190 3542 303 3600 dbtsinod
365 3558 509 3608 eprocession
518 3559 606 3598 returns
615 3556 638 3596 in
647 3538 693 3596 lllre
701 3555 759 3595 form

25 3733 100 3830 {wip
110 3747 165 3788 aar
245 3725 272 3790 7.
318 3727 367 3790 De
384 3724 472 3790 Oisto
487 3733 516 3790 et
531 3724 598 3810 ejus
613 3722 765 3790 custodia.

27 3827 143 3956 ml„
243 3883 330 3946 Item
352 3881 528 3946 statuimus
546 3889 580 3944 et
599 3880 787 3944 ordinamus
809 3877 896 3963 quod
917 3877 1086 3940 ordinetur
1105 3897 1172 3939 una
1186 3874 1268 3938 cista
1282 3896 1340 3959 pro

26 3949 144 4098 lllsslffl
177 3987 316 4072 pecunia
336 3997 370 4050 et
388 3985 486 4050 rebus
506 4008 543 4050 ao
564 3983 765 4049 ornamentis
780 3982 853 4046 aliis
869 3981 955 4045 dicte
973 3979 1068 4044 Gilde
1084 3977 1290 4063 imponendis
1306 3987 1339 4042 et

27 4093 142 4193 {tlpqut
175 4090 412 4167 conservandis,
427 4113 502 4154 cum
522 4090 648 4154 duabus
666 4087 788 4154 ceruris
803 4096 837 4151 et
852 4086 995 4150 duabus²
1013 4083 1158 4150 clavibus
1174 4083 1341 4160 adhibitis,

17 4185 156 4290 ,llfflch
174 4202 328 4281 quarum²
348 4201 463 4258 unam²
481 4193 604 4258 clavem
626 4191 786 4257 custodiat
806 4212 891 4254 unus
910 4188 1150 4253 Aldermannus
1172 4196 1205 4252 et
1227 4186 1340 4252 aliam²

486 4372 496 4403 ¹
513 4372 569 4423 MS.
581 4373 695 4422 fuerunt.

484 4455 495 4486 ²
511 4455 568 4505 ΜΒ.
580 4453 691 4516 duobus,
705 4466 825 4514 quorum,
840 4465 931 4512 unum,
945 4449 1036 4499 alium.
