3170 5104
312 404 352 468 56
712 420 917 470 cannaruon
939 421 1049 471 ornus.

376 573 445 639 Ric.
468 574 790 642 Attetounnishende
815 577 856 642 de
881 577 1046 642 Eversdon
1073 584 1107 640 et
1133 575 1275 640 Isabella
1298 597 1380 639 uxor
1403 573 1477 660 ejus

212 675 215 682 ‘
310 674 499 762 †intravit†
521 679 770 746 fraternitatem.

377 780 488 845 Simon
506 782 546 846 de
563 783 699 878 Stocton
715 793 749 848 et
765 784 899 848 Beatrix
915 807 996 848 uxor
1012 784 1083 869 ejus
1099 783 1140 848 de
1156 783 1373 870 Haslingfeld.

377 885 533 951 ¹Thomas
549 887 745 974 Dengayne²
759 888 800 953 de
816 889 878 974 Ely
889 897 924 953 et
940 888 1099 953 Katerina
1111 911 1193 954 uxor
1204 888 1274 974 ejus
1287 898 1320 954 et
1332 888 1475 953 Thomas

312 989 398 1054 filius
428 1011 538 1054 eorum
569 990 775 1056 intraverunt
811 992 1052 1056 fraternitatem
1089 1001 1123 1057 et
1158 993 1355 1058 remiserunt
1391 991 1474 1056 duas

311 1096 484 1180 schoppas³
513 1096 547 1160 in
578 1098 644 1161 ten’
675 1120 755 1182 quas
786 1097 974 1162 habuerunt
1003 1096 1045 1161 ad
1076 1098 1255 1166 terminum
1286 1098 1353 1162 vite
1384 1097 1473 1161 dicte

312 1200 479 1266 Kateriue.

376 1305 537 1370 Dominus
554 1305 717 1370 Henricus
733 1305 874 1371 Colvile⁴
894 1314 928 1370 et
949 1305 1134 1390 Margaretn
1157 1328 1236 1370 uxor
1256 1304 1327 1391 ejus
1347 1315 1381 1369 et
1402 1305 1471 1370 Ric.

311 1407 473 1494 <’primus'
489 1409 626 1474 maritus
641 1409 670 1494 ej
676 1409 788 1474 usdem
806 1409 988 1495 Margarete
1003 1410 1210 1474 intraverunt
1231 1409 1471 1475 fraternitatem

310 1534 350 1576 ex
365 1513 474 1597 gracia
488 1513 627 1598 speciali.

375 1616 535 1680 Dominus
555 1617 722 1681 Johannes
744 1616 952 1682 Canutirberi
972 1617 1112 1682 vicarius
1132 1617 1266 1682 ecclesie
1287 1617 1328 1682 de
1351 1617 1469 1682 Watir-

308 1721 418 1786 beehe.

374 1826 574 1891 Laurencius
597 1803 706 1913 Kyng'
720 1827 760 1892 de
783 1827 993 1892 Watirbeche
1015 1827 1152 1892 intravit
1172 1826 1412 1892 fraternitatem
1436 1839 1472 1891 et

309 2034 443 2099 ecclesie
460 2033 564 2098 sancti
581 2034 752 2098 Benedicti
768 2044 802 2098 et
818 2035 916 2098 debet
931 2057 989 2120 pro
1005 2057 1077 2098 cera
1092 2034 1135 2118 xij
1148 2034 1177 2098 d.
1197 2044 1230 2098 et
1246 2035 1414 2118 feod[um].

373 2137 481 2202 Adam
510 2137 645 2202 Hoberd
672 2139 712 2203 de
740 2139 942 2223 Trippelowe
967 2147 1001 2202 et
1029 2140 1139 2224 Agnes
1166 2159 1246 2200 uxor
1273 2137 1344 2222 ejus
1367 2137 1470 2201 intra·

308 2249 426 2305 verunt
449 2241 690 2306 fraternitatem
713 2251 747 2305 et
770 2241 931 2305 dederunt
954 2241 1128 2305 elemosine
1152 2263 1227 2306 xxc.
1250 2248 1283 2304 et
1304 2240 1347 2324 xij
1360 2240 1390 2306 d.
1412 2263 1470 2326 pro

307 2368 387 2411 cera.

815 2466 884 2530 leaf
903 2468 959 2529 2a.

308 2599 470 2663 Dominus
493 2598 659 2663 Walterus
682 2597 723 2661 de
747 2597 886 2682 Manny⁶

309 2705 496 2790 Margareta
519 2701 701 2767 Mareschal
725 2724 807 2765 uxor
830 2701 917 2786 ejus⁶

308 2813 407 2875 Anna
429 2809 470 2873 de
494 2809 634 2893 Man⁰y⁷
678 2807 779 2994 lfilie
796 2857 972 2922 eorundtm

309 2913 450 2980 Isabella
472 2913 513 2976 de
538 2911 678 2998 Manny⁸

309 3018 482 3084 Elisabeth
499 3017 539 3082 de
556 3017 741 3101 Mouuhrag
756 3015 824 3079 filia
840 3015 927 3080 dicte
945 3014 1144 3100 Margarete⁹

1282 2943 1355 3007 vivi.

308 3229 471 3294 Dominus
490 3226 654 3292 Robertus
675 3223 891 3308 Arnebourgh
912 3231 1018 3287 rector
1041 3221 1175 3286 ecclesie
1197 3221 1237 3286 de

309 3125 496 3210 Margareta
517 3123 558 3186 de
583 3122 812 3205 Kensingtone
1240 3111 1256 3387 J

395 3332 562 3398 Ouestone

356 3470 365 3502 ¹
384 3471 431 3522 See
442 3471 509 3534 App.
522 3471 571 3519 No.
584 3471 624 3520 51.

355 3551 366 3582 ²
383 3552 455 3601 John
467 3552 608 3614 Dengayne
619 3565 671 3600 was
684 3548 773 3599 sherill
786 3549 858 3599 1347.
892 3549 991 3597 Annulo
1002 3561 1020 3598 1.
1035 3548 1075 3598 98.

355 3633 365 3666 ³
381 3635 414 3683 In
425 3633 470 3683 the
481 3631 583 3695 margin
597 3637 612 3661 ‘⁶
620 3631 716 3681 Nota.'’

354 3715 366 3747 ⁴
383 3717 423 3766 On
435 3715 480 3765 the
491 3713 599 3765 (lolville
611 3713 701 3776 family
713 3727 754 3762 see
766 3713 884 3774 Masters,
899 3726 924 3774 p.
934 3713 959 3760 5.

355 3799 433 3848 ⁵For
449 3798 492 3848 his
509 3798 555 3847 life
573 3812 614 3847 see
633 3797 660 3847 0.
675 3799 706 3845 A.
720 3798 747 3845 S.
764 3798 855 3845 Gomm.
874 3797 946 3852 1899,
963 3809 989 3857 p.
1007 3794 1055 3842 434
1064 3808 1119 3855 sqq.
1155 3793 1195 3843 La
1212 3794 1298 3843 Ourna
1315 3795 1347 3844 de
1364 3795 1467 3846 Sainte-

306 3883 408 3946 Palaye‚
421 3884 553 3932 Memcirer
564 3896 608 3930 aur
621 3881 759 3929 l'uncienue
773 3880 918 3927 Ohevolrrie
931 3892 948 3926 1.
961 3891 986 3939 p.
999 3891 1022 3938 v,
1037 3891 1065 3926 11.
1081 3877 1170 3928 5-57.

354 3965 424 4015 ⁶Sir
446 3964 544 4014 Walter
567 3963 667 4025 Manny
691 3961 726 4024 (d.
750 3960 824 4025 1372)
848 3958 959 4009 married
982 3959 1112 4020 Margaret
1135 3958 1262 4020 daughter
1285 3959 1339 4008 and
1361 3959 1417 4008 heir
1439 3963 1470 4009 of

306 4047 420 4098 Thomas
441 4048 470 4097 of
487 4046 655 4106 Brotherton‚
676 4043 766 4094 widow
782 4044 810 4091 of
826 4041 897 4092 John
914 4041 984 4090 Lord
1002 4042 1121 4102 Segrave.
1155 4041 1197 4090 On
1214 4041 1259 4091 the
1276 4041 1354 4092 death
1372 4042 1400 4090 of
1419 4042 1467 4092 her

305 4129 391 4179 father
409 4128 493 4193 (1338)
511 4127 558 4176 she
574 4126 626 4176 and
643 4126 690 4175 her
707 4125 782 4175 sister
798 4123 869 4172 Alice
887 4122 989 4172 dividcd
1005 4121 1047 4171 his
1065 4125 1169 4172 estates.

354 4212 364 4244 ⁷
381 4211 466 4268 Anna,
479 4211 502 4260 b.
516 4209 588 4270 1355,
603 4207 723 4265 married,
736 4206 809 4267 1368,
822 4204 893 4254 John
905 4203 1041 4264 Hastings‚
1055 4201 1119 4252 Earl
1131 4203 1159 4250 of
1169 4201 1317 4251 Pembrolre.

354 4294 366 4326 ⁸
381 4292 493 4342 Isabella
504 4291 563 4341 died
575 4291 663 4340 before
676 4291 748 4341 1372.
1095 4359 1098 4364 Ι

354 4374 521 4425 lElisabeth
542 4372 667 4435 daughter
685 4372 713 4420 of
732 4371 863 4432 Margaret
883 4369 917 4431 by
933 4367 1004 4417 John
1022 4366 1054 4416 de
1072 4367 1185 4429 Segrave
1201 4365 1314 4416 married
1330 4365 1376 4415 the
1393 4365 1464 4416 third

306 4459 378 4510 John
390 4459 422 4508 de
434 4458 575 4521 Mowbray.
