<?xml version="1.0" encoding="UTF-8"?>
<!DOCTYPE html PUBLIC "-//W3C//DTD XHTML 1.0 Transitional//EN"
    "http://www.w3.org/TR/xhtml1/DTD/xhtml1-transitional.dtd">
<html xmlns="http://www.w3.org/1999/xhtml" xml:lang="en" lang="en">
 <head>
  <title>
</title>
<meta http-equiv="Content-Type" content="text/html;charset=utf-8" />
  <meta name='ocr-system' content='tesseract 3.04.00' />
  <meta name='ocr-capabilities' content='ocr_page ocr_carea ocr_par ocr_line ocrx_word'/>
</head>
<body>
  <div class='ocr_page' id='page_1' title='image "./cambridgegildre00cunngoog_0167.png"; bbox 0 0 3152 5104; ppageno 0'>
   <div class='ocr_carea' id='block_1_1' title="bbox 281 404 1017 466">
    <p class='ocr_par' dir='ltr' id='par_1_1' title="bbox 281 404 1017 466">
     <span class='ocr_line' id='line_1_1' title="bbox 281 404 1017 466; baseline 0.001 -1"><span class='ocrx_word' id='word_1_1' title='bbox 281 404 344 466; x_wconf 84' lang='lat'><strong>120</strong></span> <span class='ocrx_word' id='word_1_2' title='bbox 682 416 885 466; x_wconf 75' lang='lat' dir='ltr'><strong>canaarnna</strong></span> <span class='ocrx_word' id='word_1_3' title='bbox 908 416 1017 466; x_wconf 76' lang='lat' dir='ltr'><strong>crans</strong></span> 
     </span>
    </p>
   </div>
   <div class='ocr_carea' id='block_1_2' title="bbox 113 569 1442 1706">
    <p class='ocr_par' dir='ltr' id='par_1_2' title="bbox 113 569 1442 1706">
     <span class='ocr_line' id='line_1_2' title="bbox 279 569 1441 660; baseline -0.003 -22"><span class='ocrx_word' id='word_1_4' title='bbox 279 574 409 638; x_wconf 91' lang='lat' dir='ltr'><strong>nomine</strong></span> <span class='ocrx_word' id='word_1_5' title='bbox 442 573 596 660; x_wconf 89' lang='lat' dir='ltr'><strong>primitus</strong></span> <span class='ocrx_word' id='word_1_6' title='bbox 625 573 784 652; x_wconf 88' lang='lat' dir='ltr'><strong>invocato,</strong></span> <span class='ocrx_word' id='word_1_7' title='bbox 814 579 941 638; x_wconf 88' lang='lat' dir='ltr'><strong>statuta</strong></span> <span class='ocrx_word' id='word_1_8' title='bbox 971 580 1006 637; x_wconf 92' lang='lat' dir='ltr'><strong>et</strong></span> <span class='ocrx_word' id='word_1_9' title='bbox 1036 569 1259 636; x_wconf 85' lang='lat' dir='ltr'><strong>ordinaciones</strong></span> <span class='ocrx_word' id='word_1_10' title='bbox 1290 569 1441 657; x_wconf 89' lang='lat' dir='ltr'><strong>superius</strong></span> 
     </span>
     <span class='ocr_line' id='line_1_3' title="bbox 278 675 1440 764; baseline -0.003 -23"><span class='ocrx_word' id='word_1_11' title='bbox 278 677 415 743; x_wconf 88' lang='lat' dir='ltr'><strong>recitata</strong></span> <span class='ocrx_word' id='word_1_12' title='bbox 434 700 471 742; x_wconf 87' lang='lat' dir='ltr'><strong>ac</strong></span> <span class='ocrx_word' id='word_1_13' title='bbox 491 677 601 742; x_wconf 88' lang='lat' dir='ltr'><strong>omnia</strong></span> <span class='ocrx_word' id='word_1_14' title='bbox 624 685 657 742; x_wconf 92' lang='lat' dir='ltr'><strong>et</strong></span> <span class='ocrx_word' id='word_1_15' title='bbox 680 677 810 764; x_wconf 87' lang='lat' dir='ltr'><strong>singula</strong></span> <span class='ocrx_word' id='word_1_16' title='bbox 831 677 865 741; x_wconf 91' lang='lat' dir='ltr'><strong>in</strong></span> <span class='ocrx_word' id='word_1_17' title='bbox 889 677 936 742; x_wconf 89' lang='lat' dir='ltr'><strong>eis</strong></span> <span class='ocrx_word' id='word_1_18' title='bbox 959 685 1112 742; x_wconf 89' lang='lat' dir='ltr'><strong>contenta</strong></span> <span class='ocrx_word' id='word_1_19' title='bbox 1135 684 1295 762; x_wconf 79' lang='lat' dir='ltr'><strong>tanquam</strong></span> <span class='ocrx_word' id='word_1_20' title='bbox 1315 675 1440 740; x_wconf 91' lang='lat' dir='ltr'><strong>racion-</strong></span> 
     </span>
     <span class='ocr_line' id='line_1_4' title="bbox 278 779 1441 868; baseline -0.005 -20"><span class='ocrx_word' id='word_1_21' title='bbox 278 782 379 848; x_wconf 88' lang='lat' dir='ltr'><strong>abilia</strong></span> <span class='ocrx_word' id='word_1_22' title='bbox 408 794 442 846; x_wconf 91' lang='lat' dir='ltr'><strong>et</strong></span> <span class='ocrx_word' id='word_1_23' title='bbox 472 783 637 868; x_wconf 84' lang='lat' dir='ltr'><strong>legittima</strong></span> <span class='ocrx_word' id='word_1_24' title='bbox 663 782 877 868; x_wconf 90' lang='lat' dir='ltr'><strong>publicamus,</strong></span> <span class='ocrx_word' id='word_1_25' title='bbox 905 793 940 848; x_wconf 90' lang='lat' dir='ltr'><strong>et</strong></span> <span class='ocrx_word' id='word_1_26' title='bbox 969 783 1010 847; x_wconf 90' lang='lat' dir='ltr'><strong>ad</strong></span> <span class='ocrx_word' id='word_1_27' title='bbox 1041 781 1188 846; x_wconf 89' lang='lat' dir='ltr'><strong>omnium</strong></span> <span class='ocrx_word' id='word_1_28' title='bbox 1219 802 1359 867; x_wconf 92' lang='lat' dir='ltr'><strong>quorum</strong></span> <span class='ocrx_word' id='word_1_29' title='bbox 1389 779 1441 842; x_wconf 89' lang='lat' dir='ltr'><strong>in-</strong></span> 
     </span>
     <span class='ocr_line' id='line_1_5' title="bbox 278 887 1440 973; baseline -0.003 -22"><span class='ocrx_word' id='word_1_30' title='bbox 278 896 380 952; x_wconf 89' lang='lat' dir='ltr'><strong>terest</strong></span> <span class='ocrx_word' id='word_1_31' title='bbox 402 909 459 952; x_wconf 88' lang='lat' dir='ltr'><strong>seu</strong></span> <span class='ocrx_word' id='word_1_32' title='bbox 480 887 636 953; x_wconf 84' lang='lat' dir='ltr'><strong>interesse</strong></span> <span class='ocrx_word' id='word_1_33' title='bbox 656 887 782 973; x_wconf 90' lang='lat' dir='ltr'><strong>poterit</strong></span> <span class='ocrx_word' id='word_1_34' title='bbox 803 887 969 973; x_wconf 82' lang='lat' dir='ltr'>publicam</span> <span class='ocrx_word' id='word_1_35' title='bbox 992 887 1185 952; x_wconf 83' lang='lat' dir='ltr'><strong>deducimus</strong></span> <span class='ocrx_word' id='word_1_36' title='bbox 1207 887 1385 964; x_wconf 87' lang='lat' dir='ltr'><strong>necionem,</strong></span> <span class='ocrx_word' id='word_1_37' title='bbox 1405 892 1440 949; x_wconf 91' lang='lat' dir='ltr'><strong>et</strong></span> 
     </span>
     <span class='ocr_line' id='line_1_6' title="bbox 277 990 1440 1078; baseline -0.003 -23"><span class='ocrx_word' id='word_1_38' title='bbox 277 1014 336 1077; x_wconf 88' lang='lat' dir='ltr'><strong>pro</strong></span> <span class='ocrx_word' id='word_1_39' title='bbox 361 992 527 1068; x_wconf 86' lang='lat' dir='ltr'><strong>firmitate,</strong></span> <span class='ocrx_word' id='word_1_40' title='bbox 552 999 713 1078; x_wconf 88' lang='lat' dir='ltr'><strong>perpetua</strong></span> <span class='ocrx_word' id='word_1_41' title='bbox 736 992 878 1058; x_wconf 88' lang='lat' dir='ltr'><strong>efficacia</strong></span> <span class='ocrx_word' id='word_1_42' title='bbox 904 999 938 1056; x_wconf 89' lang='lat' dir='ltr'><strong>et</strong></span> <span class='ocrx_word' id='word_1_43' title='bbox 962 991 1081 1077; x_wconf 86' lang='lat' dir='ltr'><strong>vigore,</strong></span> <span class='ocrx_word' id='word_1_44' title='bbox 1107 990 1304 1057; x_wconf 88' lang='lat' dir='ltr'><strong>auctoritate</strong></span> <span class='ocrx_word' id='word_1_45' title='bbox 1327 997 1440 1054; x_wconf 89' lang='lat' dir='ltr'><strong>nostra</strong></span> 
     </span>
     <span class='ocr_line' id='line_1_7' title="bbox 279 1095 1441 1182; baseline -0.003 -22"><span class='ocrx_word' id='word_1_46' title='bbox 279 1097 441 1160; x_wconf 91' lang='lat' dir='ltr'><strong>ordinaria</strong></span> <span class='ocrx_word' id='word_1_47' title='bbox 459 1097 492 1160; x_wconf 94' lang='lat' dir='ltr'><strong>in</strong></span> <span class='ocrx_word' id='word_1_48' title='bbox 512 1096 576 1160; x_wconf 91' lang='lat' dir='ltr'><strong>hiis</strong></span> <span class='ocrx_word' id='word_1_49' title='bbox 597 1096 726 1182; x_wconf 88' lang='lat' dir='ltr'><strong>scriptis</strong></span> <span class='ocrx_word' id='word_1_50' title='bbox 745 1096 950 1162; x_wconf 90' lang='lat' dir='ltr'><strong>decernimus</strong></span> <span class='ocrx_word' id='word_1_51' title='bbox 969 1106 1004 1161; x_wconf 89' lang='lat' dir='ltr'><strong>et</strong></span> <span class='ocrx_word' id='word_1_52' title='bbox 1023 1095 1233 1173; x_wconf 88' lang='lat' dir='ltr'><strong>declaramus,</strong></span> <span class='ocrx_word' id='word_1_53' title='bbox 1250 1095 1386 1181; x_wconf 71' lang='lat' dir='ltr'><strong>ipsaque</strong></span> <span class='ocrx_word' id='word_1_54' title='bbox 1406 1102 1441 1156; x_wconf 91' lang='lat' dir='ltr'><strong>et</strong></span> 
     </span>
     <span class='ocr_line' id='line_1_8' title="bbox 279 1198 1440 1290; baseline -0.003 -24"><span class='ocrx_word' id='word_1_55' title='bbox 279 1225 391 1267; x_wconf 91' lang='lat' dir='ltr'><strong>eorum</strong></span> <span class='ocrx_word' id='word_1_56' title='bbox 410 1201 540 1290; x_wconf 86' lang='lat' dir='ltr'><strong>singula</strong></span> <span class='ocrx_word' id='word_1_57' title='bbox 559 1201 804 1278; x_wconf 86' lang='lat' dir='ltr'><strong>auctorizamus,</strong></span> <span class='ocrx_word' id='word_1_58' title='bbox 820 1201 1048 1266; x_wconf 90' lang='lat' dir='ltr'><strong>confirmamus</strong></span> <span class='ocrx_word' id='word_1_59' title='bbox 1064 1209 1098 1266; x_wconf 91' lang='lat' dir='ltr'><strong>et</strong></span> <span class='ocrx_word' id='word_1_60' title='bbox 1113 1200 1331 1286; x_wconf 82' lang='lat' dir='ltr'><strong>approbamus</strong></span> <span class='ocrx_word' id='word_1_61' title='bbox 1348 1210 1383 1264; x_wconf 91' lang='lat' dir='ltr'><strong>et</strong></span> <span class='ocrx_word' id='word_1_62' title='bbox 1398 1198 1440 1263; x_wconf 89' lang='lat' dir='ltr'><strong>ad</strong></span> 
     </span>
     <span class='ocr_line' id='line_1_9' title="bbox 278 1305 1442 1392; baseline -0.002 -22"><span class='ocrx_word' id='word_1_63' title='bbox 278 1307 421 1392; x_wconf 91' lang='lat' dir='ltr'><strong>ipsorum</strong></span> <span class='ocrx_word' id='word_1_64' title='bbox 437 1307 678 1372; x_wconf 88' lang='lat' dir='ltr'><strong>observanciam</strong></span> <span class='ocrx_word' id='word_1_65' title='bbox 693 1305 797 1372; x_wconf 90' lang='lat' dir='ltr'><strong>dictos</strong></span> <span class='ocrx_word' id='word_1_66' title='bbox 813 1307 929 1372; x_wconf 87' lang='lat' dir='ltr'><strong>fratres</strong></span> <span class='ocrx_word' id='word_1_67' title='bbox 944 1306 1090 1392; x_wconf 87' lang='lat' dir='ltr'><strong>ejusdem</strong></span> <span class='ocrx_word' id='word_1_68' title='bbox 1108 1305 1205 1370; x_wconf 88' lang='lat' dir='ltr'><strong>Gilde</strong></span> <span class='ocrx_word' id='word_1_69' title='bbox 1221 1312 1390 1390; x_wconf 84' lang='lat' dir='ltr'>presentes</span> <span class='ocrx_word' id='word_1_70' title='bbox 1406 1311 1442 1367; x_wconf 90' lang='lat' dir='ltr'><strong>et</strong></span> 
     </span>
     <span class='ocr_line' id='line_1_10' title="bbox 278 1409 1441 1498; baseline -0.003 -23"><span class='ocrx_word' id='word_1_71' title='bbox 278 1413 404 1476; x_wconf 89' lang='lat' dir='ltr'><strong>futuros</strong></span> <span class='ocrx_word' id='word_1_72' title='bbox 424 1411 656 1498; x_wconf 87' lang='lat' dir='ltr'><strong>adjudicamus,</strong></span> <span class='ocrx_word' id='word_1_73' title='bbox 672 1421 706 1476; x_wconf 89' lang='lat' dir='ltr'><strong>et</strong></span> <span class='ocrx_word' id='word_1_74' title='bbox 726 1421 765 1477; x_wconf 92' lang='lat' dir='ltr'><strong>ut</strong></span> <span class='ocrx_word' id='word_1_75' title='bbox 786 1420 944 1498; x_wconf 73' lang='lat' dir='ltr'><strong>perpetue</strong></span> <span class='ocrx_word' id='word_1_76' title='bbox 966 1411 1136 1476; x_wconf 87' lang='lat' dir='ltr'><strong>firmitatis</strong></span> <span class='ocrx_word' id='word_1_77' title='bbox 1151 1409 1250 1474; x_wconf 92' lang='lat' dir='ltr'><strong>robur</strong></span> <span class='ocrx_word' id='word_1_78' title='bbox 1265 1409 1441 1495; x_wconf 72' lang='lat' dir='ltr'>optineant</span> 
     </span>
     <span class='ocr_line' id='line_1_11' title="bbox 277 1513 1439 1602; baseline -0.005 -21"><span class='ocrx_word' id='word_1_79' title='bbox 277 1525 421 1581; x_wconf 89' lang='lat' dir='ltr'><strong>nostram</strong></span> <span class='ocrx_word' id='word_1_80' title='bbox 446 1515 677 1581; x_wconf 91' lang='lat' dir='ltr'><strong>auctoritatem</strong></span> <span class='ocrx_word' id='word_1_81' title='bbox 704 1515 901 1580; x_wconf 75' lang='lat' dir='ltr'><strong>ordinariam</strong></span> <span class='ocrx_word' id='word_1_82' title='bbox 928 1515 1167 1602; x_wconf 73' lang='lat' dir='ltr'><strong>interponimus</strong></span> <span class='ocrx_word' id='word_1_83' title='bbox 1193 1522 1227 1578; x_wconf 88' lang='lat' dir='ltr'><strong>et</strong></span> <span class='ocrx_word' id='word_1_84' title='bbox 1249 1513 1439 1578; x_wconf 88' lang='lat' dir='ltr'><strong>decretum:</strong></span> 
     </span>
     <span class='ocr_line' id='line_1_12' title="bbox 113 1621 1441 1706; baseline -0.002 -22"><span class='ocrx_word' id='word_1_85' title='bbox 113 1629 145 1680; x_wconf 62' lang='grc' dir='ltr'><strong>ΒΥ</strong></span> <span class='ocrx_word' id='word_1_86' title='bbox 154 1631 192 1671; x_wconf 75' lang='lat' dir='ltr'><strong>ue</strong></span> <span class='ocrx_word' id='word_1_87' title='bbox 201 1642 250 1671; x_wconf 80' lang='lat'>0011·</span> <span class='ocrx_word' id='word_1_88' title='bbox 278 1621 501 1686; x_wconf 88' lang='lat' dir='ltr'><strong>Protestantes</strong></span> <span class='ocrx_word' id='word_1_89' title='bbox 523 1621 633 1706; x_wconf 90' lang='lat' dir='ltr'><strong>palam</strong></span> <span class='ocrx_word' id='word_1_90' title='bbox 656 1629 690 1686; x_wconf 91' lang='lat' dir='ltr'><strong>et</strong></span> <span class='ocrx_word' id='word_1_91' title='bbox 713 1643 863 1706; x_wconf 87' lang='lat' dir='ltr'><strong>expresse</strong></span> <span class='ocrx_word' id='word_1_92' title='bbox 887 1621 973 1706; x_wconf 93' lang='lat' dir='ltr'><strong>quod</strong></span> <span class='ocrx_word' id='word_1_93' title='bbox 996 1643 1054 1706; x_wconf 93' lang='lat' dir='ltr'><strong>per</strong></span> <span class='ocrx_word' id='word_1_94' title='bbox 1076 1621 1174 1684; x_wconf 90' lang='lat' dir='ltr'><strong>istam</strong></span> <span class='ocrx_word' id='word_1_95' title='bbox 1198 1626 1343 1684; x_wconf 89' lang='lat' dir='ltr'><strong>nostram</strong></span> <span class='ocrx_word' id='word_1_96' title='bbox 1363 1639 1441 1682; x_wconf 90' lang='lat' dir='ltr'><strong>con·</strong></span> 
     </span>
    </p>
   </div>
   <div class='ocr_carea' id='block_1_3' title="bbox 113 1679 224 1719">
    <p class='ocr_par' dir='ltr' id='par_1_3' title="bbox 113 1679 224 1719">
     <span class='ocr_line' id='line_1_13' title="bbox 113 1679 224 1719; baseline 0 -1"><span class='ocrx_word' id='word_1_97' title='bbox 113 1679 224 1719; x_wconf 84' lang='lat' dir='ltr'><strong>firmation</strong></span> 
     </span>
    </p>
   </div>
   <div class='ocr_carea' id='block_1_4' title="bbox 112 1723 1441 1823">
    <p class='ocr_par' dir='ltr' id='par_1_4' title="bbox 112 1723 1441 1823">
     <span class='ocr_line' id='line_1_14' title="bbox 112 1723 1441 1823; baseline -0.005 -30"><span class='ocrx_word' id='word_1_98' title='bbox 112 1727 216 1823; x_wconf 57' lang='lat' dir='ltr'><strong>lz&#39;sslsslo</strong></span> <span class='ocrx_word' id='word_1_99' title='bbox 277 1725 495 1790; x_wconf 91' lang='lat' dir='ltr'><strong>firmacionem</strong></span> <span class='ocrx_word' id='word_1_100' title='bbox 523 1749 589 1791; x_wconf 92' lang='lat' dir='ltr'><strong>non</strong></span> <span class='ocrx_word' id='word_1_101' title='bbox 615 1727 816 1792; x_wconf 85' lang='lat' dir='ltr'><strong>intendimus</strong></span> <span class='ocrx_word' id='word_1_102' title='bbox 834 1727 904 1813; x_wconf 87' lang='lat' dir='ltr'><strong>juri</strong></span> <span class='ocrx_word' id='word_1_103' title='bbox 926 1726 1065 1812; x_wconf 86' lang='lat' dir='ltr'><strong>alicujus</strong></span> <span class='ocrx_word' id='word_1_104' title='bbox 1088 1725 1222 1791; x_wconf 89' lang='lat' dir='ltr'><strong>ecclesie</strong></span> <span class='ocrx_word' id='word_1_105' title='bbox 1244 1723 1441 1811; x_wconf 90' lang='lat' dir='ltr'><strong>parochialis</strong></span> 
     </span>
    </p>
   </div>
   <div class='ocr_carea' id='block_1_5' title="bbox 113 1822 1439 1918">
    <p class='ocr_par' dir='ltr' id='par_1_5' title="bbox 113 1822 1439 1918">
     <span class='ocr_line' id='line_1_15' title="bbox 113 1822 1439 1918; baseline 0 -26"><span class='ocrx_word' id='word_1_106' title='bbox 113 1822 263 1918; x_wconf 56' lang='grc' dir='ltr'><strong>ξῗξξξζξῇξὴ</strong></span> <span class='ocrx_word' id='word_1_107' title='bbox 276 1850 333 1892; x_wconf 89' lang='lat' dir='ltr'><strong>seu</strong></span> <span class='ocrx_word' id='word_1_108' title='bbox 358 1827 493 1892; x_wconf 88' lang='lat' dir='ltr'><strong>alterius</strong></span> <span class='ocrx_word' id='word_1_109' title='bbox 515 1828 749 1914; x_wconf 89' lang='lat' dir='ltr'><strong>cujuscumque</strong></span> <span class='ocrx_word' id='word_1_110' title='bbox 773 1829 833 1893; x_wconf 91' lang='lat' dir='ltr'><strong>loci</strong></span> <span class='ocrx_word' id='word_1_111' title='bbox 849 1829 901 1893; x_wconf 91' lang='lat' dir='ltr'><strong>vel</strong></span> <span class='ocrx_word' id='word_1_112' title='bbox 925 1850 1061 1914; x_wconf 89' lang='lat' dir='ltr'><strong>persone</strong></span> <span class='ocrx_word' id='word_1_113' title='bbox 1084 1829 1118 1891; x_wconf 90' lang='lat' dir='ltr'><strong>in</strong></span> <span class='ocrx_word' id='word_1_114' title='bbox 1141 1827 1250 1914; x_wconf 89' lang='lat' dir='ltr'><strong>aliquo</strong></span> <span class='ocrx_word' id='word_1_115' title='bbox 1274 1827 1439 1913; x_wconf 83' lang='lat' dir='ltr'><strong>derogare.</strong></span> 
     </span>
    </p>
   </div>
   <div class='ocr_carea' id='block_1_6' title="bbox 111 1917 1440 3793">
    <p class='ocr_par' dir='ltr' id='par_1_6' title="bbox 111 1917 1440 3793">
     <span class='ocr_line' id='line_1_16' title="bbox 112 1917 1440 2018; baseline 0.001 -23"><span class='ocrx_word' id='word_1_116' title='bbox 112 1917 221 2006; x_wconf 55' lang='grc' dir='ltr'><em>ῗξῖθῗέξὲ</em></span> <span class='ocrx_word' id='word_1_117' title='bbox 277 1933 317 1996; x_wconf 94' lang='lat' dir='ltr'><strong>In</strong></span> <span class='ocrx_word' id='word_1_118' title='bbox 333 1955 469 2018; x_wconf 88' lang='lat' dir='ltr'><strong>quorum</strong></span> <span class='ocrx_word' id='word_1_119' title='bbox 487 1934 632 1996; x_wconf 91' lang='lat' dir='ltr'><strong>omnium</strong></span> <span class='ocrx_word' id='word_1_120' title='bbox 649 1941 683 1997; x_wconf 91' lang='lat' dir='ltr'><strong>et</strong></span> <span class='ocrx_word' id='word_1_121' title='bbox 699 1932 900 2018; x_wconf 85' lang='lat' dir='ltr'><strong>singulorum</strong></span> <span class='ocrx_word' id='word_1_122' title='bbox 916 1955 974 2018; x_wconf 90' lang='lat' dir='ltr'><strong>per</strong></span> <span class='ocrx_word' id='word_1_123' title='bbox 989 1955 1046 1998; x_wconf 89' lang='lat' dir='ltr'><strong>nos</strong></span> <span class='ocrx_word' id='word_1_124' title='bbox 1062 1933 1211 2018; x_wconf 90' lang='lat' dir='ltr'><strong>superius</strong></span> <span class='ocrx_word' id='word_1_125' title='bbox 1226 1932 1440 1997; x_wconf 86' lang='lat' dir='ltr'><strong>recitatorum</strong></span> 
     </span>
     <span class='ocr_line' id='line_1_17' title="bbox 277 2036 1438 2123; baseline 0.001 -23"><span class='ocrx_word' id='word_1_126' title='bbox 277 2036 502 2101; x_wconf 89' lang='lat' dir='ltr'><strong>testimonium</strong></span> <span class='ocrx_word' id='word_1_127' title='bbox 521 2045 556 2102; x_wconf 90' lang='lat' dir='ltr'><strong>et</strong></span> <span class='ocrx_word' id='word_1_128' title='bbox 572 2037 702 2122; x_wconf 89' lang='lat' dir='ltr'><strong>plenam</strong></span> <span class='ocrx_word' id='word_1_129' title='bbox 717 2037 825 2112; x_wconf 88' lang='lat' dir='ltr'><strong>fidem,</strong></span> <span class='ocrx_word' id='word_1_130' title='bbox 841 2047 1009 2123; x_wconf 84' lang='lat' dir='ltr'><strong>presentes</strong></span> <span class='ocrx_word' id='word_1_131' title='bbox 1024 2039 1151 2104; x_wconf 88' lang='lat' dir='ltr'><strong>litteras</strong></span> <span class='ocrx_word' id='word_1_132' title='bbox 1167 2047 1292 2102; x_wconf 86' lang='lat' dir='ltr'><strong>nostras</strong></span> <span class='ocrx_word' id='word_1_133' title='bbox 1307 2044 1438 2102; x_wconf 88' lang='lat' dir='ltr'><strong>statuta</strong></span> 
     </span>
     <span class='ocr_line' id='line_1_18' title="bbox 111 2141 1435 2236; baseline 0.001 -31"><span class='ocrx_word' id='word_1_134' title='bbox 111 2147 250 2236; x_wconf 45' lang='lat' dir='ltr'><strong>oppansus</strong></span> <span class='ocrx_word' id='word_1_135' title='bbox 277 2151 310 2206; x_wconf 89' lang='lat' dir='ltr'><strong>et</strong></span> <span class='ocrx_word' id='word_1_136' title='bbox 326 2141 548 2207; x_wconf 89' lang='lat' dir='ltr'><strong>ordinaciones</strong></span> <span class='ocrx_word' id='word_1_137' title='bbox 563 2141 751 2228; x_wconf 89' lang='lat' dir='ltr'><strong>hujusmodi</strong></span> <span class='ocrx_word' id='word_1_138' title='bbox 767 2143 974 2208; x_wconf 84' lang='lat' dir='ltr'><strong>continentes</strong></span> <span class='ocrx_word' id='word_1_139' title='bbox 989 2143 1060 2208; x_wconf 90' lang='lat' dir='ltr'><strong>fieri</strong></span> <span class='ocrx_word' id='word_1_140' title='bbox 1076 2143 1211 2208; x_wconf 87' lang='lat' dir='ltr'><strong>fecimus</strong></span> <span class='ocrx_word' id='word_1_141' title='bbox 1227 2150 1380 2229; x_wconf 89' lang='lat' dir='ltr'><strong>patentes</strong></span> <span class='ocrx_word' id='word_1_142' title='bbox 1397 2164 1435 2206; x_wconf 92' lang='lat' dir='ltr'><strong>ac</strong></span> 
     </span>
     <span class='ocr_line' id='line_1_19' title="bbox 276 2245 1439 2333; baseline 0 -23"><span class='ocrx_word' id='word_1_143' title='bbox 276 2246 384 2332; x_wconf 85' lang='lat' dir='ltr'><strong>sigillo</strong></span> <span class='ocrx_word' id='word_1_144' title='bbox 410 2246 506 2310; x_wconf 89' lang='lat' dir='ltr'><strong>officii</strong></span> <span class='ocrx_word' id='word_1_145' title='bbox 535 2245 754 2310; x_wconf 87' lang='lat' dir='ltr'><strong>Officialitatis</strong></span> <span class='ocrx_word' id='word_1_146' title='bbox 784 2246 926 2311; x_wconf 84' lang='lat' dir='ltr'><strong>Eliensis</strong></span> <span class='ocrx_word' id='word_1_147' title='bbox 953 2269 990 2312; x_wconf 85' lang='lat' dir='ltr'><strong>ac</strong></span> <span class='ocrx_word' id='word_1_148' title='bbox 1017 2247 1109 2333; x_wconf 86' lang='lat' dir='ltr'><strong>signo</strong></span> <span class='ocrx_word' id='word_1_149' title='bbox 1136 2255 1170 2311; x_wconf 90' lang='lat' dir='ltr'><strong>et</strong></span> <span class='ocrx_word' id='word_1_150' title='bbox 1196 2246 1439 2332; x_wconf 77' lang='lat' dir='ltr'><strong>subscripsione</strong></span> 
     </span>
     <span class='ocr_line' id='line_1_20' title="bbox 278 2349 1440 2438; baseline 0.001 -25"><span class='ocrx_word' id='word_1_151' title='bbox 278 2350 426 2435; x_wconf 83' lang='lat' dir='ltr'><strong>Magistri</strong></span> <span class='ocrx_word' id='word_1_152' title='bbox 439 2349 576 2414; x_wconf 88' lang='lat' dir='ltr'><strong>Walteri</strong></span> <span class='ocrx_word' id='word_1_153' title='bbox 592 2349 633 2414; x_wconf 91' lang='lat' dir='ltr'><strong>de</strong></span> <span class='ocrx_word' id='word_1_154' title='bbox 649 2349 772 2415; x_wconf 86' lang='lat' dir='ltr'><strong>Sutton</strong></span> <span class='ocrx_word' id='word_1_155' title='bbox 787 2350 893 2415; x_wconf 89' lang='lat' dir='ltr'><strong>clerici</strong></span> <span class='ocrx_word' id='word_1_156' title='bbox 910 2351 1034 2437; x_wconf 91' lang='lat' dir='ltr'><strong>publici</strong></span> <span class='ocrx_word' id='word_1_157' title='bbox 1049 2352 1245 2416; x_wconf 85' lang='lat' dir='ltr'><strong>auctoritate</strong></span> <span class='ocrx_word' id='word_1_158' title='bbox 1261 2351 1440 2438; x_wconf 87' lang='lat' dir='ltr'><strong>apostolica</strong></span> 
     </span>
     <span class='ocr_line' id='line_1_21' title="bbox 276 2454 1438 2542; baseline 0.002 -24"><span class='ocrx_word' id='word_1_159' title='bbox 276 2454 395 2519; x_wconf 89' lang='lat' dir='ltr'><strong>notarii</strong></span> <span class='ocrx_word' id='word_1_160' title='bbox 417 2455 643 2519; x_wconf 90' lang='lat' dir='ltr'><strong>mandavimus</strong></span> <span class='ocrx_word' id='word_1_161' title='bbox 664 2455 853 2540; x_wconf 87' lang='lat' dir='ltr'><strong>consignari.</strong></span> <span class='ocrx_word' id='word_1_162' title='bbox 899 2455 987 2521; x_wconf 90' lang='lat' dir='ltr'><strong>Data</strong></span> <span class='ocrx_word' id='word_1_163' title='bbox 1009 2465 1042 2521; x_wconf 90' lang='lat' dir='ltr'><strong>et</strong></span> <span class='ocrx_word' id='word_1_164' title='bbox 1062 2464 1137 2520; x_wconf 91' lang='lat' dir='ltr'><strong>acta</strong></span> <span class='ocrx_word' id='word_1_165' title='bbox 1155 2464 1232 2520; x_wconf 90' lang='lat' dir='ltr'><strong>sunt</strong></span> <span class='ocrx_word' id='word_1_166' title='bbox 1248 2457 1307 2520; x_wconf 93' lang='lat' dir='ltr'><strong>hec</strong></span> <span class='ocrx_word' id='word_1_167' title='bbox 1324 2478 1438 2542; x_wconf 91' lang='lat' dir='ltr'><strong>supra·</strong></span> 
     </span>
     <span class='ocr_line' id='line_1_22' title="bbox 275 2557 1437 2644; baseline 0 -20"><span class='ocrx_word' id='word_1_168' title='bbox 275 2559 396 2644; x_wconf 86' lang='lat' dir='ltr'><strong>scripta</strong></span> <span class='ocrx_word' id='word_1_169' title='bbox 422 2581 485 2644; x_wconf 92' lang='lat' dir='ltr'><strong>que</strong></span> <span class='ocrx_word' id='word_1_170' title='bbox 512 2559 599 2624; x_wconf 83' lang='lat' dir='ltr'><strong>dicto</strong></span> <span class='ocrx_word' id='word_1_171' title='bbox 623 2559 776 2624; x_wconf 89' lang='lat' dir='ltr'><strong>vicesimo</strong></span> <span class='ocrx_word' id='word_1_172' title='bbox 798 2558 904 2644; x_wconf 89' lang='lat' dir='ltr'><strong>primo</strong></span> <span class='ocrx_word' id='word_1_173' title='bbox 928 2559 980 2624; x_wconf 91' lang='lat' dir='ltr'><strong>die</strong></span> <span class='ocrx_word' id='word_1_174' title='bbox 1003 2559 1124 2623; x_wconf 88' lang='lat' dir='ltr'><strong>mensis</strong></span> <span class='ocrx_word' id='word_1_175' title='bbox 1147 2558 1228 2622; x_wconf 91' lang='lat' dir='ltr'><strong>Maii</strong></span> <span class='ocrx_word' id='word_1_176' title='bbox 1250 2557 1375 2624; x_wconf 90' lang='lat' dir='ltr'><strong>fiebant</strong></span> <span class='ocrx_word' id='word_1_177' title='bbox 1398 2567 1437 2624; x_wconf 90' lang='lat' dir='ltr'><strong>ut</strong></span> 
     </span>
     <span class='ocr_line' id='line_1_23' title="bbox 274 2663 1437 2749; baseline 0.001 -22"><span class='ocrx_word' id='word_1_178' title='bbox 274 2664 437 2748; x_wconf 85' lang='lat' dir='ltr'><strong>prefertur</strong></span> <span class='ocrx_word' id='word_1_179' title='bbox 457 2663 517 2728; x_wconf 92' lang='lat' dir='ltr'><strong>sub</strong></span> <span class='ocrx_word' id='word_1_180' title='bbox 538 2686 632 2740; x_wconf 90' lang='lat' dir='ltr'><strong>anno,</strong></span> <span class='ocrx_word' id='word_1_181' title='bbox 652 2663 848 2742; x_wconf 89' lang='lat' dir='ltr'><strong>Indiccione,</strong></span> <span class='ocrx_word' id='word_1_182' title='bbox 865 2664 1071 2742; x_wconf 89' lang='lat' dir='ltr'><strong>Pontificatu,</strong></span> <span class='ocrx_word' id='word_1_183' title='bbox 1087 2685 1198 2728; x_wconf 89' lang='lat' dir='ltr'><strong>mense</strong></span> <span class='ocrx_word' id='word_1_184' title='bbox 1219 2671 1253 2728; x_wconf 92' lang='lat' dir='ltr'><strong>et</strong></span> <span class='ocrx_word' id='word_1_185' title='bbox 1274 2664 1342 2728; x_wconf 90' lang='lat' dir='ltr'><strong>loco</strong></span> <span class='ocrx_word' id='word_1_186' title='bbox 1363 2686 1437 2749; x_wconf 90' lang='lat' dir='ltr'><strong>pre·</strong></span> 
     </span>
     <span class='ocr_line' id='line_1_24' title="bbox 274 2766 1438 2856; baseline 0.002 -25"><span class='ocrx_word' id='word_1_187' title='bbox 274 2767 380 2845; x_wconf 88' lang='lat' dir='ltr'><strong>dictis,</strong></span> <span class='ocrx_word' id='word_1_188' title='bbox 391 2766 597 2853; x_wconf 88' lang='lat' dir='ltr'><strong>presentibus</strong></span> <span class='ocrx_word' id='word_1_189' title='bbox 613 2767 761 2833; x_wconf 89' lang='lat' dir='ltr'><strong>discretis</strong></span> <span class='ocrx_word' id='word_1_190' title='bbox 777 2769 854 2833; x_wconf 89' lang='lat' dir='ltr'><strong>viris</strong></span> <span class='ocrx_word' id='word_1_191' title='bbox 868 2769 1034 2856; x_wconf 88' lang='lat' dir='ltr'><strong>Magistris</strong></span> <span class='ocrx_word' id='word_1_192' title='bbox 1046 2769 1173 2833; x_wconf 83' lang='lat' dir='ltr'><strong>Thema</strong></span> <span class='ocrx_word' id='word_1_193' title='bbox 1184 2768 1225 2832; x_wconf 88' lang='lat' dir='ltr'><strong>de</strong></span> <span class='ocrx_word' id='word_1_194' title='bbox 1237 2767 1438 2847; x_wconf 84' lang='lat' dir='ltr'><strong>Gloucestre,</strong></span> 
     </span>
     <span class='ocr_line' id='line_1_25' title="bbox 274 2865 1437 2958; baseline 0.001 -22"><span class='ocrx_word' id='word_1_195' title='bbox 274 2873 444 2937; x_wconf 89' lang='lat' dir='ltr'><strong>Baculario</strong></span> <span class='ocrx_word' id='word_1_196' title='bbox 467 2872 501 2936; x_wconf 92' lang='lat' dir='ltr'><strong>in</strong></span> <span class='ocrx_word' id='word_1_197' title='bbox 526 2872 662 2958; x_wconf 85' lang='lat' dir='ltr'><strong>legibus,</strong></span> <span class='ocrx_word' id='word_1_198' title='bbox 677 2865 896 2938; x_wconf 88' lang='lat' dir='ltr'><strong>commissario</strong></span> <span class='ocrx_word' id='word_1_199' title='bbox 918 2881 1028 2938; x_wconf 89' lang='lat' dir='ltr'><strong>nostro</strong></span> <span class='ocrx_word' id='word_1_200' title='bbox 1051 2871 1203 2958; x_wconf 87' lang='lat' dir='ltr'><strong>generali,</strong></span> <span class='ocrx_word' id='word_1_201' title='bbox 1220 2872 1372 2937; x_wconf 84' lang='lat' dir='ltr'><strong>Johanne</strong></span> <span class='ocrx_word' id='word_1_202' title='bbox 1396 2873 1437 2938; x_wconf 92' lang='lat' dir='ltr'><strong>de</strong></span> 
     </span>
     <span class='ocr_line' id='line_1_26' title="bbox 274 2975 1434 3062; baseline 0.002 -22"><span class='ocrx_word' id='word_1_203' title='bbox 274 2977 395 3042; x_wconf 90' lang='lat' dir='ltr'><strong>Potton</strong></span> <span class='ocrx_word' id='word_1_204' title='bbox 410 2976 444 3040; x_wconf 90' lang='lat' dir='ltr'><strong>in</strong></span> <span class='ocrx_word' id='word_1_205' title='bbox 459 2975 608 3053; x_wconf 75' lang='lat' dir='ltr'><strong>decretis</strong></span> <span class='ocrx_word' id='word_1_206' title='bbox 623 2977 645 3042; x_wconf 85' lang='lat' dir='ltr'>J</span> <span class='ocrx_word' id='word_1_207' title='bbox 647 2977 775 3042; x_wconf 89' lang='lat' dir='ltr'><strong>ohanne</strong></span> <span class='ocrx_word' id='word_1_208' title='bbox 791 2977 831 3042; x_wconf 90' lang='lat' dir='ltr'><strong>de</strong></span> <span class='ocrx_word' id='word_1_209' title='bbox 848 2979 1008 3062; x_wconf 88' lang='lat' dir='ltr'><strong>Eperston</strong></span> <span class='ocrx_word' id='word_1_210' title='bbox 1024 2987 1059 3043; x_wconf 92' lang='lat' dir='ltr'><strong>et</strong></span> <span class='ocrx_word' id='word_1_211' title='bbox 1074 2977 1303 3042; x_wconf 88' lang='lat' dir='ltr'><strong>Bartholomeo</strong></span> <span class='ocrx_word' id='word_1_212' title='bbox 1323 2977 1434 3042; x_wconf 92' lang='lat' dir='ltr'><strong>Broun</strong></span> 
     </span>
     <span class='ocr_line' id='line_1_27' title="bbox 273 3081 1436 3169; baseline 0.002 -25"><span class='ocrx_word' id='word_1_213' title='bbox 273 3081 307 3144; x_wconf 93' lang='lat' dir='ltr'><strong>in</strong></span> <span class='ocrx_word' id='word_1_214' title='bbox 323 3081 457 3168; x_wconf 87' lang='lat' dir='ltr'><strong>legibus,</strong></span> <span class='ocrx_word' id='word_1_215' title='bbox 470 3081 657 3158; x_wconf 89' lang='lat' dir='ltr'><strong>Baculariis,</strong></span> <span class='ocrx_word' id='word_1_216' title='bbox 672 3081 862 3148; x_wconf 80' lang='lat' dir='ltr'><strong>Consistorii</strong></span> <span class='ocrx_word' id='word_1_217' title='bbox 879 3083 1019 3148; x_wconf 85' lang='lat' dir='ltr'><strong>Eliensis</strong></span> <span class='ocrx_word' id='word_1_218' title='bbox 1031 3083 1206 3159; x_wconf 89' lang='lat' dir='ltr'><strong>advocatis,</strong></span> <span class='ocrx_word' id='word_1_219' title='bbox 1218 3103 1255 3146; x_wconf 90' lang='lat' dir='ltr'><strong>ac</strong></span> <span class='ocrx_word' id='word_1_220' title='bbox 1269 3082 1436 3169; x_wconf 89' lang='lat' dir='ltr'><strong>Magistris</strong></span> 
     </span>
     <span class='ocr_line' id='line_1_28' title="bbox 273 3185 1435 3272; baseline 0.003 -23"><span class='ocrx_word' id='word_1_221' title='bbox 273 3186 398 3250; x_wconf 83' lang='lat' dir='ltr'><strong>Thema</strong></span> <span class='ocrx_word' id='word_1_222' title='bbox 420 3186 461 3250; x_wconf 93' lang='lat' dir='ltr'><strong>de</strong></span> <span class='ocrx_word' id='word_1_223' title='bbox 482 3185 694 3271; x_wconf 87' lang='lat' dir='ltr'><strong>Wygenhale,</strong></span> <span class='ocrx_word' id='word_1_224' title='bbox 713 3187 839 3251; x_wconf 88' lang='lat' dir='ltr'><strong>Vioario</strong></span> <span class='ocrx_word' id='word_1_225' title='bbox 863 3195 1022 3272; x_wconf 89' lang='lat' dir='ltr'><strong>perpetuo</strong></span> <span class='ocrx_word' id='word_1_226' title='bbox 1045 3187 1132 3252; x_wconf 90' lang='lat' dir='ltr'><strong>dicte</strong></span> <span class='ocrx_word' id='word_1_227' title='bbox 1155 3185 1290 3252; x_wconf 88' lang='lat' dir='ltr'><strong>ecclesie</strong></span> <span class='ocrx_word' id='word_1_228' title='bbox 1313 3187 1435 3252; x_wconf 82' lang='lat' dir='ltr'><strong>Sancte</strong></span> 
     </span>
     <span class='ocr_line' id='line_1_29' title="bbox 273 3272 1435 3368; baseline 0.001 -14"><span class='ocrx_word' id='word_1_229' title='bbox 273 3289 453 3367; x_wconf 80' lang='lat' dir='ltr'><strong>Trinitatis„</strong></span> <span class='ocrx_word' id='word_1_230' title='bbox 469 3299 503 3354; x_wconf 90' lang='lat' dir='ltr'><strong>et</strong></span> <span class='ocrx_word' id='word_1_231' title='bbox 519 3289 662 3354; x_wconf 90' lang='lat' dir='ltr'><strong>Henrioo</strong></span> <span class='ocrx_word' id='word_1_232' title='bbox 678 3289 719 3355; x_wconf 90' lang='lat' dir='ltr'><strong>de</strong></span> <span class='ocrx_word' id='word_1_233' title='bbox 736 3290 877 3368; x_wconf 89' lang='lat' dir='ltr'><strong>Walton,</strong></span> <span class='ocrx_word' id='word_1_234' title='bbox 894 3290 1074 3356; x_wconf 88' lang='lat' dir='ltr'><strong>Baculariis</strong></span> <span class='ocrx_word' id='word_1_235' title='bbox 1089 3291 1124 3354; x_wconf 93' lang='lat' dir='ltr'><strong>in</strong></span> <span class='ocrx_word' id='word_1_236' title='bbox 1145 3290 1294 3368; x_wconf 90' lang='lat' dir='ltr'><strong>decretis,</strong></span> <span class='ocrx_word' id='word_1_237' title='bbox 1309 3272 1435 3356; x_wconf 86' lang='lat' dir='ltr'><strong>necnon</strong></span> 
     </span>
     <span class='ocr_line' id='line_1_30' title="bbox 273 3394 1435 3482; baseline 0.002 -23"><span class='ocrx_word' id='word_1_238' title='bbox 273 3395 440 3480; x_wconf 86' lang='lat' dir='ltr'><strong>Magistris</strong></span> <span class='ocrx_word' id='word_1_239' title='bbox 470 3395 610 3482; x_wconf 84' lang='lat' dir='ltr'><strong>Georgio</strong></span> <span class='ocrx_word' id='word_1_240' title='bbox 640 3396 680 3460; x_wconf 90' lang='lat' dir='ltr'><strong>de</strong></span> <span class='ocrx_word' id='word_1_241' title='bbox 711 3394 889 3460; x_wconf 88' lang='lat' dir='ltr'><strong>Schirburn</strong></span> <span class='ocrx_word' id='word_1_242' title='bbox 921 3405 955 3461; x_wconf 88' lang='lat' dir='ltr'><strong>et</strong></span> <span class='ocrx_word' id='word_1_243' title='bbox 993 3395 1146 3461; x_wconf 89' lang='lat' dir='ltr'><strong>Johanne</strong></span> <span class='ocrx_word' id='word_1_244' title='bbox 1183 3395 1224 3459; x_wconf 90' lang='lat' dir='ltr'><strong>de</strong></span> <span class='ocrx_word' id='word_1_245' title='bbox 1256 3395 1435 3482; x_wconf 89' lang='lat' dir='ltr'><strong>Hadeleye,</strong></span> 
     </span>
     <span class='ocr_line' id='line_1_31' title="bbox 272 3499 1435 3586; baseline 0.003 -24"><span class='ocrx_word' id='word_1_246' title='bbox 272 3500 450 3564; x_wconf 90' lang='lat' dir='ltr'><strong>Baculariis</strong></span> <span class='ocrx_word' id='word_1_247' title='bbox 472 3499 507 3563; x_wconf 92' lang='lat' dir='ltr'><strong>in</strong></span> <span class='ocrx_word' id='word_1_248' title='bbox 530 3499 666 3586; x_wconf 80' lang='lat' dir='ltr'><strong>legibus,</strong></span> <span class='ocrx_word' id='word_1_249' title='bbox 689 3522 726 3564; x_wconf 89' lang='lat' dir='ltr'><strong>ac</strong></span> <span class='ocrx_word' id='word_1_250' title='bbox 750 3499 893 3564; x_wconf 91' lang='lat' dir='ltr'><strong>Waltero</strong></span> <span class='ocrx_word' id='word_1_251' title='bbox 916 3501 957 3565; x_wconf 90' lang='lat' dir='ltr'><strong>de</strong></span> <span class='ocrx_word' id='word_1_252' title='bbox 981 3500 1113 3577; x_wconf 88' lang='lat' dir='ltr'><strong>Sutton,</strong></span> <span class='ocrx_word' id='word_1_253' title='bbox 1141 3499 1280 3564; x_wconf 87' lang='lat' dir='ltr'><strong>Notario</strong></span> <span class='ocrx_word' id='word_1_254' title='bbox 1304 3501 1435 3584; x_wconf 90' lang='lat' dir='ltr'><strong>publico</strong></span> 
     </span>
     <span class='ocr_line' id='line_1_32' title="bbox 271 3602 1433 3688; baseline 0.002 -22"><span class='ocrx_word' id='word_1_255' title='bbox 271 3602 506 3668; x_wconf 86' lang='lat' dir='ltr'><strong>Lincolniensis</strong></span> <span class='ocrx_word' id='word_1_256' title='bbox 533 3602 749 3667; x_wconf 86' lang='lat' dir='ltr'><strong>Norwicensis</strong></span> <span class='ocrx_word' id='word_1_257' title='bbox 777 3603 917 3667; x_wconf 89' lang='lat' dir='ltr'><strong>Eliensis</strong></span> <span class='ocrx_word' id='word_1_258' title='bbox 943 3612 977 3668; x_wconf 92' lang='lat' dir='ltr'><strong>et</strong></span> <span class='ocrx_word' id='word_1_259' title='bbox 1001 3603 1232 3688; x_wconf 84' lang='lat' dir='ltr'><strong>Wygornensis</strong></span> <span class='ocrx_word' id='word_1_260' title='bbox 1255 3603 1433 3669; x_wconf 90' lang='lat' dir='ltr'><strong>diocesium</strong></span> 
     </span>
     <span class='ocr_line' id='line_1_33' title="bbox 271 3706 1434 3793; baseline 0.001 -21"><span class='ocrx_word' id='word_1_261' title='bbox 271 3716 305 3772; x_wconf 88' lang='lat' dir='ltr'><strong>et</strong></span> <span class='ocrx_word' id='word_1_262' title='bbox 328 3707 401 3772; x_wconf 88' lang='lat' dir='ltr'><strong>aliis</strong></span> <span class='ocrx_word' id='word_1_263' title='bbox 425 3707 459 3770; x_wconf 94' lang='lat' dir='ltr'><strong>in</strong></span> <span class='ocrx_word' id='word_1_264' title='bbox 486 3706 699 3772; x_wconf 89' lang='lat' dir='ltr'><strong>multitudine</strong></span> <span class='ocrx_word' id='word_1_265' title='bbox 726 3706 856 3793; x_wconf 90' lang='lat' dir='ltr'><strong>copiosa</strong></span> <span class='ocrx_word' id='word_1_266' title='bbox 879 3707 1020 3773; x_wconf 88' lang='lat' dir='ltr'><strong>testibus</strong></span> <span class='ocrx_word' id='word_1_267' title='bbox 1051 3706 1093 3772; x_wconf 91' lang='lat' dir='ltr'><strong>ad</strong></span> <span class='ocrx_word' id='word_1_268' title='bbox 1122 3706 1281 3793; x_wconf 87' lang='lat' dir='ltr'><strong>premissa</strong></span> <span class='ocrx_word' id='word_1_269' title='bbox 1311 3708 1434 3774; x_wconf 88' lang='lat' dir='ltr'><strong>vocatis</strong></span> 
     </span>
    </p>
   </div>
   <div class='ocr_carea' id='block_1_7' title="bbox 270 3809 665 3897">
    <p class='ocr_par' dir='ltr' id='par_1_7' title="bbox 270 3809 665 3897">
     <span class='ocr_line' id='line_1_34' title="bbox 270 3809 665 3897; baseline -0.003 -21"><span class='ocrx_word' id='word_1_270' title='bbox 270 3809 457 3897; x_wconf 90' lang='lat' dir='ltr'><strong>specialiter</strong></span> <span class='ocrx_word' id='word_1_271' title='bbox 479 3817 513 3875; x_wconf 91' lang='lat' dir='ltr'><strong>et</strong></span> <span class='ocrx_word' id='word_1_272' title='bbox 536 3811 665 3896; x_wconf 86' lang='lat' dir='ltr'><strong>rogatis.</strong></span> 
     </span>
    </p>
   </div>
   <div class='ocr_carea' id='block_1_8' title="bbox 105 3990 1119 4106">
    <p class='ocr_par' dir='ltr' id='par_1_8' title="bbox 105 3990 1119 4106">
     <span class='ocr_line' id='line_1_35' title="bbox 105 3990 1119 4106; baseline 0.001 -51"><span class='ocrx_word' id='word_1_273' title='bbox 105 4009 218 4106; x_wconf 52' lang='lat' dir='ltr'><strong>gpffipe</strong></span> <span class='ocrx_word' id='word_1_274' title='bbox 591 3990 743 4077; x_wconf 77' lang='lat' dir='ltr'><strong>Sequitur</strong></span> <span class='ocrx_word' id='word_1_275' title='bbox 764 3991 954 4079; x_wconf 69' lang='lat' dir='ltr'><strong>subscriptio</strong></span> <span class='ocrx_word' id='word_1_276' title='bbox 977 3991 1119 4058; x_wconf 81' lang='lat' dir='ltr'><strong>Notarii.</strong></span> 
     </span>
    </p>
   </div>
   <div class='ocr_carea' id='block_1_9' title="bbox 269 4119 1430 4521">
    <p class='ocr_par' dir='ltr' id='par_1_9' title="bbox 269 4119 1430 4521">
     <span class='ocr_line' id='line_1_36' title="bbox 334 4119 1429 4206; baseline -0.002 -21"><span class='ocrx_word' id='word_1_277' title='bbox 334 4122 377 4185; x_wconf 87' lang='lat' dir='ltr'><strong>Et</strong></span> <span class='ocrx_word' id='word_1_278' title='bbox 400 4143 458 4206; x_wconf 85' lang='lat' dir='ltr'><strong>ego</strong></span> <span class='ocrx_word' id='word_1_279' title='bbox 483 4119 646 4185; x_wconf 89' lang='lat' dir='ltr'><strong>Walterus</strong></span> <span class='ocrx_word' id='word_1_280' title='bbox 669 4120 709 4184; x_wconf 88' lang='lat' dir='ltr'><strong>de</strong></span> <span class='ocrx_word' id='word_1_281' title='bbox 733 4119 854 4184; x_wconf 82' lang='lat' dir='ltr'><strong>Sutton</strong></span> <span class='ocrx_word' id='word_1_282' title='bbox 879 4119 1014 4185; x_wconf 90' lang='lat' dir='ltr'><strong>clericus</strong></span> <span class='ocrx_word' id='word_1_283' title='bbox 1037 4120 1269 4206; x_wconf 85' lang='lat' dir='ltr'><strong>Wygoruensis</strong></span> <span class='ocrx_word' id='word_1_284' title='bbox 1293 4121 1429 4186; x_wconf 90' lang='lat' dir='ltr'><strong>diocesis</strong></span> 
     </span>
     <span class='ocr_line' id='line_1_37' title="bbox 269 4223 1430 4312; baseline -0.003 -20"><span class='ocrx_word' id='word_1_285' title='bbox 269 4225 429 4312; x_wconf 90' lang='lat' dir='ltr'><strong>publicus,</strong></span> <span class='ocrx_word' id='word_1_286' title='bbox 440 4223 635 4290; x_wconf 87' lang='lat' dir='ltr'><strong>auctoritate</strong></span> <span class='ocrx_word' id='word_1_287' title='bbox 651 4223 828 4308; x_wconf 89' lang='lat' dir='ltr'><strong>apostolica</strong></span> <span class='ocrx_word' id='word_1_288' title='bbox 843 4231 878 4288; x_wconf 89' lang='lat' dir='ltr'><strong>et</strong></span> <span class='ocrx_word' id='word_1_289' title='bbox 893 4223 1070 4309; x_wconf 88' lang='lat' dir='ltr'><strong>Imperiali,</strong></span> <span class='ocrx_word' id='word_1_290' title='bbox 1084 4223 1253 4302; x_wconf 89' lang='lat' dir='ltr'><strong>Notarius,</strong></span> <span class='ocrx_word' id='word_1_291' title='bbox 1266 4225 1430 4310; x_wconf 88' lang='lat' dir='ltr'><strong>premissis</strong></span> 
     </span>
     <span class='ocr_line' id='line_1_38' title="bbox 270 4328 1430 4412; baseline -0.003 -16"><span class='ocrx_word' id='word_1_292' title='bbox 270 4330 513 4396; x_wconf 86' lang='lat' dir='ltr'><strong>ordinacionum</strong></span> <span class='ocrx_word' id='word_1_293' title='bbox 530 4337 564 4392; x_wconf 90' lang='lat' dir='ltr'><strong>et</strong></span> <span class='ocrx_word' id='word_1_294' title='bbox 579 4335 779 4392; x_wconf 89' lang='lat' dir='ltr'><strong>statutorum</strong></span> <span class='ocrx_word' id='word_1_295' title='bbox 797 4328 1041 4412; x_wconf 86' lang='lat' dir='ltr'><strong>presentacioni,</strong></span> <span class='ocrx_word' id='word_1_296' title='bbox 1058 4328 1257 4394; x_wconf 82' lang='lat' dir='ltr'><strong>exhibicioni</strong></span> <span class='ocrx_word' id='word_1_297' title='bbox 1273 4337 1307 4394; x_wconf 88' lang='lat' dir='ltr'><strong>et</strong></span> <span class='ocrx_word' id='word_1_298' title='bbox 1323 4341 1430 4394; x_wconf 89' lang='lat' dir='ltr'><strong>osten-</strong></span> 
     </span>
     <span class='ocr_line' id='line_1_39' title="bbox 270 4433 1430 4521; baseline -0.003 -20"><span class='ocrx_word' id='word_1_299' title='bbox 270 4433 807 4521; x_wconf 73' lang='lat' dir='ltr'><strong>sionisnpplicacioni,inspexioni‚</strong></span> <span class='ocrx_word' id='word_1_300' title='bbox 818 4434 1062 4512; x_wconf 85' lang='lat' dir='ltr'><strong>exarninacioni‚</strong></span> <span class='ocrx_word' id='word_1_301' title='bbox 1069 4435 1292 4519; x_wconf 89' lang='lat' dir='ltr'><strong>publioacioni,</strong></span> <span class='ocrx_word' id='word_1_302' title='bbox 1301 4434 1430 4500; x_wconf 89' lang='lat' dir='ltr'><strong>decreto</strong></span> 
     </span>
    </p>
   </div>
   <div class='ocr_carea' id='block_1_10' title="bbox 0 0 1580 5104">
    <p class='ocr_par' dir='ltr' id='par_1_10' title="bbox 0 0 1580 5104">
     <span class='ocr_line' id='line_1_40' title="bbox 0 0 1580 5104; baseline 0 3"><span class='ocrx_word' id='word_1_303' title='bbox 0 0 1580 5104; x_wconf 95' lang='lat' dir='ltr'><strong> </strong></span> 
     </span>
    </p>
   </div>
  </div>
 </body>
</html>
